2938 4846
202 1187 421 1313 Aeschyleis¹l
459 1237 566 1296 studiis
597 1257 665 1297 cnm
706 1256 827 1314 operam
865 1257 978 1298 navare
1010 1239 1240 1309 constituissem,

54 1366 57 1381 ·
111 1339 286 1398 subtiliores
308 1339 374 1398 illas
397 1341 595 1416 quaestiones,
619 1359 696 1417 qnae
719 1341 749 1399 in
772 1342 903 1417 genuina
924 1341 1066 1400 librorum
1091 1343 1241 1417 scriptura

110 1440 303 1500 restituenda
325 1445 375 1500 aut
397 1441 427 1500 in
451 1442 620 1519 Aeschylea
641 1443 785 1519 singulari
809 1443 996 1520 sublimitate,
1018 1444 1176 1520 gravitate,
1199 1444 1241 1502 in·

113 1545 242 1621 geniosa
264 1543 366 1603 indole
390 1544 573 1622 mirifioaque
596 1551 659 1606 arte
682 1545 894 1622 perspicienda
916 1549 1085 1623 versantur,
1109 1547 1151 1605 eis
1174 1565 1242 1622 per·

48 1683 55 1700 .
113 1645 278 1705 mittendas
301 1647 468 1718 censebam,
492 1648 543 1724 qui
566 1652 596 1707 et
617 1667 731 1707 summo
755 1649 867 1725 ingenii
884 1649 1039 1708 excellunt
1061 1649 1197 1708 acumine
1213 1651 1243 1707 et

47 1732 53 1749 ⁶
114 1747 283 1808 doctrinam
308 1749 474 1808 uberiorem
498 1751 775 1827 accuratioremque
798 1750 854 1809 sibi
877 1755 1136 1827 comparaverunt.

203 1852 309 1927 Itaque
339 1850 376 1909 ad
407 1870 443 1910 ea
466 1852 554 1910 malui
582 1871 627 1912 me
652 1852 788 1912 conferre
818 1852 930 1926 studia,
962 1853 1093 1928 quaein
1117 1853 1244 1912 scenicis

114 1953 212 2029 poetis
236 1951 406 2012 etiamnunc
429 1953 594 2013 desiderari
618 1954 766 2014 videntur.
810 1953 944 2027 Quorum
960 1957 989 2013 in
1008 1973 1131 2014 numero
1147 1973 1243 2032 gram·

115 2055 241 2114 maticas
265 2057 457 2131 quaestiones
480 2075 539 2116 non
561 2056 693 2116 infimum
711 2057 809 2115 locum
831 2057 966 2117 obtinere
983 2061 1085 2132 aperte
1100 2056 1244 2116 indicavit

117 2163 148 2217 et
171 2157 388 2217 eruditissimus
411 2163 440 2218 et
462 2160 716 2236 ingeniosissimus
732 2157 913 2218 Graecarum
938 2159 1105 2218 litterarum
1126 2160 1244 2236 arbiter,

117 2259 307 2320 Godofredus
330 2260 517 2338 Bernhardy,
538 2262 623 2320 cuius
644 2262 674 2319 in
699 2261 934 2337 Paralipomenis
950 2259 1090 2338 Syntaxis
1111 2261 1244 2321 Graecae

117 2381 147 2438 p.
165 2367 203 2422 13
228 2363 303 2421 haec
326 2367 444 2422 exstant
466 2363 573 2422 verba:
598 2364 704 2430 „Sim
728 2367 758 2422 et
780 2363 858 2422 hano
874 2363 1040 2422 studiorum
1057 2363 1244 2439 disciplinam

118 2463 181 2534 (scl.
204 2465 374 2524 historicam
398 2462 552 2541 syntaxin)
576 2469 605 2524 et
626 2464 799 2524 interiorem
831 2465 995 2524 litterarum
1020 2466 1154 2525 notitiam
1177 2485 1245 2542 pro-

119 2585 240 2626 movere
263 2568 401 2627 volumus
432 2572 462 2627 et
492 2569 612 2628 criticos
643 2568 803 2638 adiuvare,
842 2568 942 2627 multis
976 2567 1085 2627 libellis
1115 2587 1170 2644 par
1200 2573 1246 2627 est

120 2670 319 2729 elocutionem
343 2675 498 2730 auctorum
523 2671 656 2730 cuiusvis
679 2671 792 2746 gradus
822 2675 971 2746 notaeque
1002 2670 1172 2746 singulatim
1196 2689 1245 2730 ex·

120 2773 234 2848 plicari.
278 2773 356 2831 Hinc
385 2771 655 2832 fructuosissimam
679 2777 709 2832 et
730 2771 946 2847 propemodum
977 2755 1119 2832 intactam
1142 2777 1247 2848 petent

119 2876 291 2952 materiam,
322 2892 397 2951 quos
420 2876 504 2934 iuvat
527 2875 679 2954 scientiam
710 2874 898 2950 antiquitatis
922 2873 1054 2934 Graecae
1078 2894 1136 2934 non
1160 2876 1245 2934 vanis

121 2977 346 3053 quaestionibus
370 2975 503 3036 ornare.“

208 3080 252 3138 Ac
274 3079 382 3138 talibus
406 3078 526 3155 quidem
550 3078 655 3138 studiis
677 3079 706 3137 in
732 3097 766 3137 eo
783 3079 957 3153 praesertim
974 3096 1050 3154 opus
1066 3097 1131 3138 esse
1147 3083 1246 3138 vetus-

121 3182 233 3240 tissimo
257 3181 481 3241 Atheniensium
504 3187 640 3256 auctore,
671 3182 721 3256 qui
745 3183 774 3239 et
797 3180 908 3256 ingenii
932 3180 1067 3240 sollertia
1090 3181 1248 3241 eminuerit

122 3289 153 3342 et
175 3285 244 3342 novi
268 3284 387 3358 generis
410 3285 496 3359 quasi
519 3301 629 3359 parens
644 3284 760 3342 ceteris
783 3285 880 3359 poetis
902 3284 1027 3342 scenicis
1051 3284 1129 3341 viam
1152 3285 1246 3342 muni-

122 3386 208 3455 verit,
231 3386 298 3462 quis
322 3391 374 3462 est,
396 3386 468 3460 quin
491 3384 581 3445 facile
604 3385 659 3446 sibi
683 3381 923 3461 persuadeati'2)

208 3489 284 3547 Nam
321 3487 402 3564 quod
439 3487 515 3546 idem
554 3487 732 3564 Bernhardy
770 3489 799 3545 in
838 3488 1013 3546 universnm
1044 3486 1180 3547 indicans
1211 3489 1248 3548 de

124 3591 261 3650 omnibus
289 3590 510 3666 tragoediarum
540 3589 735 3665 scriptoribus
765 3588 934 3666 contendit,
964 3589 1087 3648 atticum
1111 3608 1162 3649 eos
1185 3608 1246 3649 ser-

213 3755 234 3820 ¹)
250 3752 283 3805 In
309 3753 438 3806 versibus
462 3751 640 3804 numerandis
666 3751 803 3804 editonem
826 3749 1035 3804 Dindorfianam
1059 3750 1094 3805 V.
1135 3753 1248 3821 Lipsiae

125 3836 331 3894 MDOOCLXV
350 3842 463 3892 secutus
483 3852 551 3890 snm.

212 3925 234 3988 ²)
252 3923 303 3977 His
326 3922 509 3992 grammaticis
533 3921 745 3992 quaestionibus
770 3923 824 3976 etsi
849 3921 995 3976 doctorum
1018 3921 1140 3976 virorum
1164 3937 1250 3991 opera

127 4024 184 4062 non
209 3994 313 4076 defuit}
335 4014 428 4062 tamen
451 4022 506 4061 non
526 4023 614 4076 pauca
638 4013 743 4062 restare
770 4011 863 4060 monet
884 4005 1049 4075 Bernhardy
1071 4005 1203 4074 (Grundr.
1223 4007 1249 4061 d.

38 4127 41 4134 Δ
126 4095 174 4148 Gr.
187 4095 252 4148 Litt.
266 4094 301 4162 lI,
316 4097 338 4145 2,
357 4111 384 4163 p.
398 4096 459 4161 213)
471 4092 515 4146 his
527 4094 633 4148 verbis:
655 4093 721 4155 „Um
734 4093 803 4146 tiber
822 4092 965 4146 tastendes
976 4091 1084 4146 Gefnhl.
1096 4091 1195 4146 hinaus
1215 4108 1250 4145 nn

126 4177 219 4234 fasten
238 4178 403 4233 Einsichten
420 4179 449 4231 in
467 4177 512 4232 die
531 4177 735 4246 Sprachkunst,
753 4177 808 4230 den
826 4175 952 4230 Satnbau
970 4176 1027 4229 und
1046 4175 1098 4230 Stil
1117 4177 1166 4231 der
1184 4177 1248 4230 Tra-

127 4263 211 4332 gddie
231 4281 266 4317 an
289 4265 439 4332 gelangen‚
463 4261 565 4318 bedarf
585 4279 647 4316 man
673 4263 723 4316 der
741 4261 958 4330 Monographien
978 4262 1046 4314 liber
1064 4261 1114 4316 das
1132 4261 1251 4344 §pracb-

128 4356 235 4420 system
254 4349 310 4402 und
329 4351 374 4404 die
392 4347 528 4403 Rhetorih
547 4349 595 4404 der
614 4348 773 4418 tragischen
791 4347 927 4402 hleister.“

1033 4455 1045 4504 1

528 4606 798 4757 acrone
