2938 4846
1188 382 1229 442 29

116 558 205 632 gentis
221 557 351 632 ipsarum
375 573 492 632 parens,
516 557 653 631 prosecta
675 559 733 631 est;
757 573 792 614 eo
807 555 896 630 igitur
918 555 1033 614 faeilius
1056 557 1129 632 eiua,
1151 574 1229 632 quae

116 659 213 717 summi
230 659 310 718 lovis
327 657 477 734 quondam
494 655 585 732 digna
600 658 700 716 habita
723 661 768 717 est
790 675 899 732 amore,
920 657 961 715 ita
975 656 1033 715 illis
1056 674 1228 733 repraesen-
1256 661 1257 668 ’
1310 693 1312 697 ,

11 751 12 770 ¹
115 765 189 820 tatur
211 762 325 838 imago,
353 766 386 819 ut
415 765 601 836 praesentem
630 779 694 819 earn
719 761 828 819 habere
858 765 888 818 et
911 777 1032 819 eernere
1056 761 1149 820 oeulis
1173 760 1229 819 sibi

115 861 267 922 videantur
288 861 513 938 fugientemque
537 863 616 921 Iovis
639 880 762 922 uxorem
785 863 869 938 quasi
892 865 1123 938 prosequantur.

114 984 141 1024 v.
162 967 230 1024 542.
364 954 465 1022 ίνδεν
487 947 534 1024 tut

178 1070 179 1074 ’
364 1058 488 1144 οἴστρῳ
510 1059 707 1147 ε’ρεσσομένα

364 1159 498 1247 φεύγει
521 1153 723 1248 ἁμαρτίνοος

365 1318 371 1329 .
396 1315 404 1330 .
428 1318 434 1329 .
461 1266 533 1351 διχῆ
556 1256 585 1330 δ
598 1257 787 1351 ἀντίπορον

363 1381 462 1451 γαῖαν
485 1366 521 1432 ἐν
545 1367 622 1455 α’ίσμ
645 1367 865 1451 διατέμνουσα
887 1362 998 1451 πόρον
1021 1369 1188 1452 κυματίαν

1095 1464 1234 1557 ὁρίζει,

196 1580 322 1640 Ceterae
350 1581 437 1639 huius
466 1581 554 1656 i'ugae
584 1579 728 1639 stationes
756 1583 785 1638 et
812 1579 893 1655 ipsae
916 1580 1068 1655 praesenti
1090 1580 1230 1640 historico

112 1683 252 1760 deinceps
274 1685 423 1742 notantur.

112 1804 140 1843 v.
163 1787 231 1845 547.
367 1773 498 1842 ἰάπτει
521 1769 675 1854 δ’Ᾱσίδος
699 1770 740 1841 δι’
763 1776 837 1853 αἴας
861 1829 867 1840 .
893 1829 899 1840 .
924 1828 931 1841 .
956 1829 961 1840 .

113 1907 140 1946 v.
162 1891 231 1949 549.
366 1883 453 1967 περᾷ
476 1879 509 1943 δὲ
536 1876 749 1970 Τεύθραντος
773 1873 854 1944 άστυ
878 1884 1014 1945 Μυσῶν.
1038 1917 1080 1926 -

112 2009 140 2049 v.
162 1993 232 2050 556.
366 1979 537 2046 ἱκνεῖται
564 1972 858 2066 δἐίσικνουμένου
888 1982 987 2062 βέλει,
1003 1974 1175 2061 βουκόλου

884 2077 1091 2171 πτερόεντος
1113 2097 1168 2152 eto.
1191 2123 1232 2132 -

155 2194 350 2270 Antistropha
377 2210 413 2271 γ,
443 2214 520 2271 quae
550 2194 700 2270 sequitur,
732 2214 799 2254 eum
828 2195 978 2254 hominem
1007 2195 1232 2255 admirationem

156 2297 315 2374 describat,
336 2296 511 2374 imperfecta
533 2301 567 2356 ut
588 2316 644 2373 par
667 2301 713 2356 est
736 2297 866 2373 adhibet,
888 2297 1012 2372 stropha
1035 2291 1141 2357 duero
1156 2297 1234 2359 redit

154 2399 191 2458 ad
214 2417 358 2475 praesens
381 2398 563 2470 historicum,
587 2401 698 2475 quippe
722 2418 797 2476 quae
820 2399 907 2458 finem
927 2399 1104 2478 felicemque
1127 2401 1232 2461 herum

155 2519 286 2561 errorum
311 2502 420 2561 exitum
445 2501 649 2562 ooneeIebret:

367 2598 422 2676 βία
445 2590 474 2662 δ’
488 2588 673 2683 ἀπημάντῳ
696 2599 810 2664 σθένει
833 2599 888 2662 καὶ
911 2599 1018 2676 θείαις
1045 2597 1234 2676 ἐπιπνοίαις

109 2725 139 2766 v.
162 2710 233 2767 577.
366 2696 552 2779 παύεται,
569 2693 726 2785 δακρύων
748 2690 777 2764 δ
790 2693 1005 2784 ἀποστάζει
1020 2701 1191 2785 πένθιμον

1075 2802 1235 2882 αἰδῶ,’-

154 2911 256 2986 (Quod
286 2912 363 2971 infra
393 2913 526 2988 seqnitur
557 2929 702 2988 praesens
733 2931 761 2971 v.
785 2916 845 2974 583
877 2908 941 2993 βοᾷ
975 2932 1034 2972 non
1064 2919 1110 2972 est
1139 2931 1235 2989 praes.

153 3015 345 3091 historicum,
381 3033 447 3074 eum
478 3015 607 3073 omnium
632 3015 764 3091 gentium
793 3019 981 3091 praesentem
1013 3020 1102 3092 atque
1134 3017 1236 3074 etiam-

154 3135 235 3174 nune
257 3122 479 3193 permanentem
503 3118 751 3193 approbationem
774 3135 809 3176 eo
832 3107 981 3177 declarari
1004 3114 1172 3195 appareat.)

198 3219 449 3294 Agamemnon

198 3323 233 3379 tn
257 3322 370 3396 paredo
394 3323 506 3382 nullum
531 3327 613 3382 extat
636 3324 700 3383 eius
723 3325 842 3399 generis
867 3341 1018 3398 praesens.

200 3423 272 3482 Inde
307 3443 325 3482 a
356 3443 445 3485 versu
479 3428 541 3486 280
572 3425 769 3501 Clytemestra
809 3414 1083 3504 λαμπαδηφόρων
1113 3413 1238 3502 νόμους

102 3527 264 3601 expressis
289 3526 389 3584 verbis
412 3527 543 3602 explieat
573 3528 699 3588 victoria
721 3527 902 3588 Graecorum
931 3527 1091 3588 admodum
1114 3527 1237 3603 gavisa;

102 3627 257 3686 historica
279 3629 448 3704 praeseutia
469 3629 574 3688 inserit
596 3630 698 3706 plura:

368 3718 445 3799 ἑκάς
468 3723 503 3789 δὲ
526 3726 677 3809 φρυκτοῦ
701 3728 773 3805 φῶς
796 3716 848 3790 ἐπ’
870 3717 1027 3812 Εὐρίπου
1050 3721 1130 3811 ῥοάς

98 3851 134 3891 v.
162 3835 234 3892 293.
370 3826 567 3890 Μεσσαπίου
590 3821 713 3908 φύλαξι
736 3829 923 3914 σημαίνει
945 3824 1062 3913 μολόν.

11 3935 12 4024 t
152 3933 340 4010 (sequuntur
363 3931 537 4009 praeterita)
559 3966 601 3974 —

11 4033 12 4080 t
97 4055 132 4096 v.
162 4027 252 4096 305..
368 4029 565 4114 πέμπουσι
589 4022 826 4110 δ’άνδαίοντες
849 4025 997 4121 άφδόνῳ
1017 4033 1106 4119 μένει

370 4124 497 4217 φλογός
519 4133 622 4218 μέγαν
644 4130 794 4219 πώγωνα

11 4249 12 4284 ³
95 4262 131 4301 v.
162 4243 235 4301 310.
369 4227 499 4300 κᾶπειτ’
522 4227 697 4321 Ἀτρειδῶν
719 4235 752 4314 ἐς
774 4235 852 4304 τόδε
876 4237 1039 4330 σκήπτει
1064 4235 1178 4319 στέγος

370 4333 454 4418 φάος
476 4329 549 4403 τόδ’
577 4389 742 4405 ......
