2938 4846
1210 401 1250 462 35

130 578 157 636 in
180 578 340 637 Persarum
366 576 466 636 fabula
490 581 580 636 extat.
628 575 750 652 Singula
774 594 846 636 vero
869 575 1076 653 descriptionis
1102 578 1251 635 momenta

131 683 198 739 sunt
221 679 309 738 llaec:
339 679 556 739 Themistocles
580 679 652 739 dolo
674 693 746 738 usus
768 680 896 738 Xerxem
917 678 1022 737 incitat
1044 677 1082 737 ad
1104 679 1248 754 proelium

131 781 385 852 committendum
417 783 501 842 cuius
531 782 644 842 consilii
666 780 790 841 insidias
812 800 872 840 non
895 779 1080 858 perspiciens
1103 781 1249 858 proelium

130 884 228 960 parari
250 884 299 944 ille
329 885 424 962 iubet,
455 886 539 945 iussa
574 890 673 945 autem
697 883 768 943 facit
790 884 948 943 exercitus.
969 914 1012 924 -
1034 883 1136 944 Naves
1159 885 1251 961 igitur

130 987 318 1047 instruuntur
341 988 376 1047 ad
400 989 565 1066 proelium,
591 993 651 1048 tum
676 989 836 1048 Persarum
866 987 967 1047 classis
994 987 1122 1047 navibus
1145 987 1249 1047 solutis

129 1088 166 1148 ad
196 1090 310 1150 hostem
347 1090 554 1169 proficiscitur.
619 1091 725 1151 Graeci
760 1089 1020 1167 appropinquant,
1057 1109 1116 1150 non
1154 1090 1249 1150 timidi

130 1192 170 1251 illi
193 1191 247 1252 sed
270 1193 360 1253 alacri
385 1194 481 1254 animo
505 1197 535 1253 ct
560 1193 715 1270 pugnandi
738 1191 901 1270 cupiditate
923 1193 1096 1269 flagrantes.

214 1296 291 1355 Tum
314 1300 499 1356 concurrunt
521 1297 669 1373 utrimque
691 1312 785 1355 naves
809 1298 838 1354 et
860 1295 964 1371 proelii
987 1294 1167 1355 diiudicatur
1189 1296 1248 1356 for·

129 1401 197 1457 tuna
223 1397 356 1458 Graecae
379 1399 532 1459 cuiusdam
554 1399 640 1460 navis
663 1398 742 1458 felici
765 1397 907 1470 victoria,
930 1398 1014 1458 cuius
1044 1400 1160 1460 terrore
1182 1416 1249 1476 per·

130 1500 248 1560 turbata
270 1503 429 1561 Persarum
452 1503 531 1562 acies
555 1494 622 1562 mori
645 1501 802 1579 praecipiti
824 1500 913 1578 fugae
936 1519 967 1560 se
990 1499 1121 1562 mandat

214 1603 319 1680 Capita
341 1604 429 1664 huius
453 1605 673 1682 descriptionis,
695 1605 858 1682 exquibus
879 1608 978 1664 cetera
993 1604 1093 1664 omnia
1107 1603 1249 1683 pendent,

129 1704 206 1764 facili
230 1706 349 1782 negotio
378 1706 513 1766 invenies
535 1707 625 1768 haec:
651 1708 759 1768 Xerxis
787 1707 994 1768 credulitatem
1017 1711 1110 1784 atque
1132 1707 1249 1766 temeri-

129 1811 233 1879 tatem,
257 1809 416 1869 Persarum
448 1811 635 1894 temerarium
659 1815 689 1870 et
711 1810 874 1887 superbum
898 1827 1065 1887 accessum,
1087 1810 1248 1887 gloriosam

129 1910 309 1971 Graecorum
331 1913 455 1988 primam
479 1913 643 1991 victoriam,
666 1932 755 1990 quam
778 1911 851 1990 fuga
873 1913 1002 1974 hostium
1026 1913 1169 1991 sequitur.

211 2014 256 2073 Ac
271 2005 366 2074 trihus
382 2016 428 2075 his
444 2017 591 2092 capitibus
609 2034 709 2076 rerum
725 2015 847 2077 totidem
869 2016 1056 2094 respondent
1077 2017 1249 2094 praesentia

128 2115 280 2176 historica:
309 2123 486 2195 προφωνεῖ
493 2164 502 2190 ,
524 2111 682 2191 πλέουσι,
705 2102 911 2198 ἄποθραύει,
939 2125 972 2179 ut
997 2119 1169 2196 Aeschyleo
1190 2121 1248 2179 iam

125 2220 324 2296 perspiciatur
339 2220 444 2280 eximia
460 2239 519 2299 ars,
543 2239 604 2298 qua
618 2225 679 2280 tam
695 2227 833 2282 accurate
853 2240 902 2282 res
917 2222 1050 2299 singulas
1068 2222 1249 2300 disposuerit

126 2324 245 2398 tamque
269 2320 349 2381 facili
376 2323 464 2384 modo
495 2342 574 2400 quae
604 2325 722 2403 potiora
746 2343 885 2401 quaeque
915 2323 1056 2385 inferiora
1083 2327 1183 2385 essent
1204 2324 1247 2383 in·

126 2423 284 2497 dicaverit,
317 2431 349 2485 ut
379 2426 559 2486 admirabilis
589 2427 778 2488 describendi
807 2428 932 2488 variatio
956 2432 986 2488 et
1007 2426 1144 2504 gradatio
1167 2425 1248 2487 efflo-

125 2523 274 2592 ruerit47).

210 2630 307 2690 Etiam
329 2649 450 2708 pugnae
472 2633 501 2691 in
526 2632 679 2711 Psyttalea
701 2633 799 2693 insula
828 2634 1000 2693 commissae
1023 2632 1185 2711 descriptio
1208 2633 1247 2693 si·

125 2731 185 2790 mili
207 2733 294 2793 modo
317 2738 364 2794 est
384 2735 528 2796 instituta.
571 2736 649 2796 Tres
671 2736 780 2795 iterum
803 2739 905 2812 partes
928 2734 1161 2812 distinguuntur.

210 2837 341 2897 Primum
373 2836 449 2896 enim
473 2837 590 2898 Xerxes
622 2838 704 2897 iubet
726 2837 910 2915 Psyttaleam
939 2838 1067 2897 insulam
1096 2838 1247 2917 occupari,

123 2937 233 2998 Graeci
255 2958 327 2999 vero
349 2939 429 2999 facili
446 2940 567 3016 negotio
580 2940 650 3000 illos
673 2939 814 3016 redigunt
835 2939 873 2999 ad
892 2938 1135 3000 internecionem.
1179 2940 1246 3014 Quo

121 3040 203 3100 facto
226 3043 341 3102 Xerxes
364 3043 571 3120 desperatione
594 3047 700 3120 captus
722 3043 789 3119 ipse
811 3041 902 3119 fugae
925 3043 1042 3120 signum
1065 3043 1124 3104 dat.

208 3143 346 3204 Totidem
388 3145 496 3205 iterum
530 3145 715 3222 respondent
749 3146 920 3222 praesentia
953 3165 982 3206 v.
1009 3147 1079 3208 450.
1114 3139 1246 3224 πέμπει,

119 3265 149 3304 v.
173 3249 234 3308 465
257 3242 407 3320 παίουσι,
429 3244 667 3327 κρεοκοποῦσι,
691 3268 718 3308 v.
741 3252 812 3311 470.
834 3239 909 3329 ἵησι.
933 3280 975 3289 -

207 3349 269 3408 Iam
300 3352 437 3426 sequitur
473 3349 562 3426 fugae
599 3350 769 3428 descriptio,
827 3352 958 3412 Primum
986 3356 1032 3412 est
1062 3351 1144 3429 quod
1173 3351 1246 3428 fuga

117 3452 284 3529 suscipitur
315 3473 343 3513 v.
366 3457 436 3514 481.
461 3445 614 3533 uipereor
636 3443 750 3532 φυγήν
771 3486 814 3494 -
836 3459 898 3514 tum
926 3453 1008 3532 quod
1034 3455 1064 3514 in
1087 3451 1246 3532 Strymone

116 3555 306 3615 transeundo
336 3557 391 3616 toti
426 3557 573 3616 exercitui
602 3556 740 3617 interitus
773 3556 908 3619 imminet
937 3577 965 3618 v.
988 3561 1059 3619 496.
1088 3545 1245 3638 πήγνυσι,

116 3656 251 3735 tertium,
273 3658 355 3735 quod
377 3662 538 3736 superatur
560 3659 726 3737 periculum
750 3661 822 3721 illud
840 3663 1006 3721 extremum
1028 3679 1057 3722 v.
1073 3664 1144 3722 501.
1159 3656 1246 3742 περᾷ

113 3756 402 3840 κρυσταλλοπῆγα
425 3750 479 3819 διὰ
500 3750 621 3841 πόρου.

210 3864 314 3940 Itaque
338 3882 439 3924 rerum
461 3865 585 3938 initium,
609 3864 770 3943 fastigium,
793 3866 904 3927 exitum
926 3867 1079 3943 praesenti
1099 3864 1243 3926 historico

111 3967 239 4041 egregie
262 3966 342 4026 haud
365 3968 523 4043 negaveris
545 3969 689 4029 notatum.

204 4198 240 4262 47)
258 4193 301 4252 df.
313 4195 429 4252 Kiihner
441 4199 458 4252 l.
469 4199 486 4252 l.
499 4202 581 4267 5386,
594 4204 617 4254 6.
644 4198 755 4263 „Dutch
769 4200 864 4255 diesen
875 4200 1005 4256 Wechsel
1018 4201 1069 4256 der
1077 4201 1243 4256 Zoitformen

108 4281 189 4334 wird
207 4280 256 4334 der
280 4280 463 4338 historischen
482 4282 641 4353 Erzthlung
663 4284 709 4339 die
732 4289 842 4354 grdsste
864 4284 1077 4355 Lehhaftigkcit
1101 4286 1151 4341 der
1174 4286 1241 4341 Dar-

107 4365 243 4434 stellung
262 4367 319 4420 und
338 4366 384 4422 die
401 4367 504 4422 feinste
522 4366 702 4439 Schattirung
721 4370 771 4425 des
789 4367 962 4426 Ausdrucks
980 4370 1145 4428 verliehen.“
