2938 4846
225 399 266 462 28

226 597 252 636 v.
276 580 346 638 480.
483 577 577 638 ναῶν
599 597 634 657 γε
656 574 754 658 ταγοὶ
776 578 846 639 τῶν
870 574 1093 656 λελειμμένων
1116 570 1221 660 σύδην

481 666 554 739 κατ’
577 661 682 760 οὖρον
703 667 770 741 oria
794 671 960 760 εάκοσμον
984 675 1136 760 αἴρονται
1159 672 1279 761 φυγήν.

354 783 437 856 Quae
469 785 498 842 in
529 785 578 854 illa
605 784 676 860 iuga
707 785 848 845 exercitui
880 785 1044 843 acciderint
1073 786 1176 844 aoristi
1207 788 1349 844 enarrant

268 890 319 944 aut
341 885 514 960 imperfecta
537 888 707 947 accuratius
727 887 918 972 describunt,
942 891 1075 946 extrema
1098 903 1169 946 vero
1193 887 1347 946 calamitas

269 989 416 1062 praesenti
440 992 578 1048 notatur:

532 1086 630 1149 νυκτὶ
654 1076 729 1150 δ’ἕν
752 1081 856 1168 ταύτῃ
878 1077 959 1161 θεὸς

226 1211 253 1254 v.
276 1196 353 1254 407:
437 1179 438 1182 ¹
485 1179 618 1271 χειμῶν’
640 1181 754 1272 άωρον
778 1179 874 1271 ὦρσε,
897 1178 1063 1272 πήγνυσιν
1078 1186 1113 1252 δὲ
1128 1189 1198 1253 πᾶν

844 1287 987 1374 ῥέεθρον
1009 1283 1115 1372 άγνοῦ
1139 1281 1347 1376 Στρυμόνος.
1390 1277 1396 1284 ’

354 1397 412 1456 Sed
435 1403 595 1474 superatur
624 1399 788 1474 periculum
819 1399 875 1474 piis
904 1399 1033 1458 omnium
1057 1399 1212 1476 procibns3
1240 1398 1347 1459 iterum

269 1500 417 1576 praesenti
444 1500 536 1560 utitur
558 1503 697 1561 nuntius:

482 1594 554 1660 ἐπεὶ
578 1597 613 1661 δὲ
635 1593 744 1661 πολλά
766 1599 970 1685 θεοκλυτῶν
990 1592 1160 1662 ἐπαύσατο

226 1706 257 1763 Ρ.
282 1709 352 1766 501.
482 1695 634 1783 στρατὸς,
656 1701 757 1786 περᾷ
780 1702 1065 1784 κρυσταλλοπῆγα
1088 1690 1143 1764 διά
1163 1691 1282 1784 πόρον.

312 1805 509 1884 Suppfices
830 1888 833 1893 Ι

313 1911 453 1986 Pelasgus
485 1929 538 1969 rex
567 1916 724 1986 postquam
755 1930 840 1970 arrum
870 1913 962 1987 ipsius
985 1930 1093 1972 nomen
1115 1911 1273 1987 professus
1296 1915 1348 1983 cst

227 2013 315 2072 etiarn
339 2016 438 2072 terrae
462 2015 545 2072 ouirrs
568 2013 677 2073 fruitur
693 2016 884 2090 possessione
907 2019 1057 2074 vetustum
1081 2019 1110 2072 et
1125 2015 1225 2074 nobile
1240 2033 1347 2074 nomen

228 2116 373 2191 explicat:
396 2099 499 2193 αὐτῆς
523 2109 558 2174 δὲ
580 2105 690 2194 χώρας
706 2103 816 2187 Άπιάς
838 2109 944 2175 πέδον
967 2102 1044 2175 τάδε
1066 2101 1171 2175 πάλαι
1192 2109 1349 2192 κέκληται

227 2208 340 2293 φωτὸς
363 2212 481 2295 ἰατροῦ
502 2207 608 2296 χάριν.
662 2219 754 2278 Cuius
777 2220 849 2279 tanti
879 2219 948 2278 facti
977 2219 1066 2278 nobili
1092 2218 1232 2295 snperbia
1254 2219 1349 2277 elatus

227 2323 396 2382 memoriam
419 2325 560 2398 repetens
583 2319 734 2398 praesenti
757 2322 868 2381 utitur:

482 2402 568 2494 Ἆπις
591 2414 653 2502 γάρ
677 2410 791 2482 ἐλθων
814 2469 820 2480 .
846 2469 851 2480 .
878 2470 883 2480 .
905 2409 1017 2501 χθόνα

227 2547 254 2586 v.
278 2530 348 2586 264.
480 2510 577 2604 τήνδ’
600 2517 835 2603 ἐκκαθαίρει
858 2514 1046 2584 κνωδάλων
1070 2513 1329 2604 βροτοφθόρων,

441 2659 443 2662 -
482 2617 523 2686 τά
546 2617 586 2707 δὴ
608 2618 766 2686 παλαιῶν
788 2617 939 2705 αἱμάτων
961 2616 1118 2705 μιάσμασι

479 2715 654 2809 χρανθεῑσ
678 2717 781 2809 άνῆκε
809 2731 947 2799 (aoristus
978 2731 1128 2790 notandus
1152 2728 1207 2802 est)
1231 2736 1308 2808 γαῖα

1068 2818 1193 2912 μηνιαῐ’
1217 2819 1287 2912 άχη,
1309 2864 1351 2872 -

313 2939 373 2996 Iam
403 2938 483 2996 insra
512 2956 538 2994 v.
563 2940 632 2998 297.
657 2939 726 2998 300.
750 2939 810 2996 312
840 2936 927 2996 etiam
960 2937 989 2994 in
1020 2936 1154 2996 diverbio
1185 2936 1352 3012 praesentis

230 3039 365 3099 historici
396 3040 556 3117 singularis
578 3039 695 3116 species
718 3038 856 3098 occurrit.
901 3039 1087 3114 Colloquitnr
1107 3040 1184 3098 enim
1209 3057 1262 3097 rex
1285 3057 1350 3098 cum

228 3142 415 3202 Danaidibus
439 3161 474 3201 ac
497 3142 630 3218 quaerit⁷
654 3141 734 3200 unde
757 3140 856 3218 gentis
880 3159 954 3202 suae
977 3141 1122 3218 originem
1143 3142 1213 3201 illae
1233 3141 1353 3217 ducant,
1458 3203 1459 3206 ,

230 3264 290 3304 non
315 3249 376 3304 tam
398 3263 497 3304 rernm
522 3262 667 3304 novarum
692 3245 829 3304 curiosus
853 3263 941 3320 quam
969 3243 1158 3304 examinandi
1181 3243 1279 3304 studio
1302 3243 1352 3302 ari-

228 3347 345 3406 duelna
395 3349 470 3406 Nam
501 3352 583 3406 recte
615 3345 864 3406 G.He1·mannus
895 3345 954 3419 (ad.
985 3367 1011 3404 v.
1036 3349 1108 3416 280)
1137 3350 1237 3406 monet
1261 3347 1352 3405 haec:

227 3451 276 3527 „in
301 3450 379 3509 omni
402 3449 458 3509 hoc
482 3449 617 3509 diverbio
640 3448 803 3508 tenendum
832 3453 876 3508 est
908 3450 1028 3524 cognita
1056 3449 1166 3507 lraberc
1193 3466 1294 3525 regem
1317 3467 1352 3508 ea

229 3552 267 3612 de
299 3554 409 3629 quibus
440 3553 555 3628 quaerit
583 3558 612 3610 et
643 3569 789 3628 quaerero
819 3551 988 3623 dumtaxat,
1019 3555 1052 3610 nt
1082 3551 1218 3628 exploret
1240 3569 1353 3611 verane

228 3674 266 3714 an
289 3655 365 3714 falsa
387 3654 488 3714 dicant
512 3647 669 3730 vir·gines.“
714 3653 781 3727 Quo
805 3673 841 3712 ex
865 3654 963 3714 studio
986 3654 1082 3714 fluunt
1104 3637 1307 3730 praesentia:¹

229 3778 256 3818 v.
279 3761 349 3818 297.
486 3751 561 3826 πῶς
584 3735 648 3814 σάν
669 3753 838 3837 τελευτᾷ
858 3749 1024 3830 βασιλέων
1046 3749 1139 3836 νείκη
1161 3741 1257 3814 τάδε·
1281 3760 1310 3815 et

228 3880 257 3920 v.
283 3864 353 3921 300.
486 3844 615 3919 υάκουν
637 3848 801 3933 πελάζει
825 3843 905 3928 Ζεὺς
929 3843 980 3916 ἐπ’
1003 3844 1169 3936 εὐκραίρῳ
1192 3850 1262 3930 eor:

272 3963 352 4022 etin
376 3964 569 4039 responsione
593 3961 691 4021 chori:

229 4085 256 4126 v.
280 4070 350 4127 312.
485 4057 541 4121 καὶ
564 4053 643 4133 Ζεὺς
668 4046 697 4141 γ’
709 4053 869 4142 ἐφάπτωρ
893 4057 977 4143 χειρὶ
1000 4047 1133 4138 φιτύει
1157 4052 1268 4141 γόνον.

315 4168 377 4227 Iam
400 4167 570 4226 accedimus
593 4164 631 4224 ad
655 4166 738 4225 chori
763 4165 910 4225 canticum
942 4165 981 4239 (v.
1004 4167 1065 4226 524
1083 4162 1196 4243 seqq-l,
1218 4184 1278 4241 quo
1301 4166 1353 4224 Ius

229 4270 291 4330 fata
313 4275 343 4330 et
365 4271 467 4346 stirpis
490 4269 591 4328 divina
614 4269 696 4344 origo
721 4268 917 4329 celebrantur.
966 4270 1059 4328 Laeto
1092 4267 1231 4345 elatoque
1254 4267 1353 4327 animo

230 4372 348 4433 easdem
383 4372 522 4448 regiones
559 4371 690 4448 virgines
720 4374 904 4447 agnoscunt,
939 4390 955 4432 e
988 4370 1095 4448 quibus
1125 4373 1157 4430 Io
1193 4370 1355 4446 quondam,
