2938 4846
221 384 258 444 12

304 559 336 634 b)
360 561 440 639 Sept.
464 568 534 626 895.
558 559 727 625 διαντείαν
749 559 854 643 λέγεις
876 554 1007 643 δόμοισι
1029 570 1083 626 eto.

262 683 406 740 praesens
422 667 614 727 reserandum
632 669 730 728 estad
747 688 791 744 ea,
813 688 890 744 qnae
912 670 1113 748 praecedunt,
1132 676 1165 730 ut
1186 674 1346 747 exspeota·

261 768 355 826 veris:
379 759 492 843 ἔλεξας
515 771 590 829 siout
613 771 744 846 Ohoeph.
760 775 831 832 434.

219 870 301 929 Pers.
325 873 394 932 245.
474 862 567 930 δεινά
593 889 647 931 τοι
680 867 785 952 λέγεις
807 905 850 912 -
874 875 996 934 nuntius
1018 893 1091 935 vero
1113 876 1169 934 iam
1198 874 1346 951 loquendi
1466 885 1467 894 ¹

261 970 349 1031 finem
372 973 451 1034 feeit.

220 1073 289 1132 ibid.
313 1078 384 1137 389.
475 1067 573 1156 ἰὐγγά
594 1095 651 1156 μοι
674 1063 745 1157 δῆτ’

475 1164 614 1258 άγαθιόν
639 1169 769 1259 ἓτάροιν
792 1168 1062 1260 ὑπομιμνήσκεις,

474 1267 590 1340 άλαστ’
614 1268 740 1341 dinero
762 1273 887 1361 στυγνὰ
911 1271 1067 1361 πρόκακα
1090 1278 1208 1362 λέγων.

220 1383 275 1458 Ag.
299 1385 369 1443 351.
474 1373 580 1462 γόναι,
604 1369 677 1444 κατ>
700 1373 807 1465 ἄνδρα
829 1371 978 1464 σώφρον’
1001 1371 1175 1464 εὐφρόνως
1198 1380 1313 1465 λέγεις.

264 1485 380 1545 Ohorus
403 1487 566 1564 respondet
589 1487 812 1566 Clytemestrae,
835 1508 912 1566 quae
937 1489 1024 1550 modo
1047 1490 1147 1549 loouta
1169 1494 1221 1550 est.

221 1587 352 1663 Ohoeph.
365 1592 455 1650 1444.
476 1583 579 1668 λέγεις
609 1587 772 1669 πατρῷον
810 1581 934 1669 μόρον,
970 1592 1160 1652 referendum
1191 1611 1263 1651 vero
1298 1597 1347 1652 est

261 1691 335 1749 illnd
358 1685 461 1769 λέγεις
484 1693 521 1752 ad
545 1712 651 1753 versus
674 1694 889 1770 praecedentes
912 1699 1101 1772 439-443,
1132 1697 1241 1772 quibus
1264 1694 1346 1771 Aga·

263 1795 426 1854 memnonis
449 1796 557 1886 caedes
582 1795 763 1872 deploratur.

220 1895 323 1972 Suppl.
346 1900 416 1958 500.
475 1888 512 1955 ευ
533 1888 596 1976 γάρ
620 1881 638 1957 ό
661 1894 757 1974 ξένος
780 1894 876 1978 λέγει.

221 2000 319 2058 Prum.
345 2004 414 2061 101.
476 1996 587 2060 καίτοι
609 1996 642 2059 τί
666 2018 764 2080 φημι,·

179 2108 182 2114 “
220 2101 274 2178 Ag.
300 2105 390 2162 1613.
475 2094 515 2162 οὐ
539 2089 569 2162 δ>
592 2093 698 2183 ἄνδρα
720 2094 819 2163 τόνδε
842 2095 905 2182 φῂς
921 2092 1010 2163 ἑκών
1026 2111 1261 2178 κατακτανεῖν,
1285 2106 1344 2166 Ae·

262 2205 362 2280 gistho
374 2207 538 2284 respondet
551 2209 674 2286 olrorus;
689 2209 737 2267 ille
751 2228 822 2269 vero
834 2210 968 2268 oratione
981 2208 1082 2269 habita
1094 2228 1174 2268 nuno
1184 2209 1241 2268 iam
1254 2211 1345 2267 lueet.

221 2307 303 2365 Pers.
328 2313 398 2370 276.
475 2300 695 2369 κατθανόντα
720 2303 823 2388 λέγεις
846 2305 1007 2389 φέρεσθαι
1031 2316 1086 2370 eto.

264 2412 387 2470 nuntius
411 2413 495 2471 ouius
516 2412 554 2470 ad
577 2415 670 2473 verba
692 2414 766 2473 haee
789 2413 962 2473 referuntur
990 2415 1135 2490 loquendi
1165 2413 1251 2474 modo
1274 2413 1347 2473 feeit
1466 2441 1467 2512 ρ

263 2511 358 2572 finem.

221 2612 300 2691 Sept.
322 2619 393 2677 400.
476 2612 531 2674 καὶ
554 2607 657 2676 νύκτα
680 2607 807 2697 ταύτην
829 2602 870 2698 ἢν
894 2612 1000 2696 λέγεις
1023 2622 1079 2678 ε1ο.

476 2720 512 2778 of.
536 2719 615 2797 Sept.
639 2724 710 2782 563.
733 2705 773 2780 όν
796 2714 908 2798 λέγεις.

221 2823 303 2880 Pers.
327 2825 397 2883 986.
474 2817 679 2900 Πέρσαις-
702 2815 790 2883 κακά
810 2813 968 2903 πρόκακα
992 2817 1103 2902 λέγεις.

221 2925 278 3002 Ag.
301 2929 371 2986 315.
479 2920 601 3006 τέκμαρ
625 2925 760 2998 τοιοῦτο
783 2913 954 3006 σύμβολόν
974 2945 1011 2985 τε
1035 2921 1088 2985 σοὶ
1113 2920 1198 3004 λέγω
1221 2929 1276 2986 eto.

264 3028 295 3086 in
317 3026 376 3087 fine
400 3030 552 3107 orationis,
576 3048 635 3106 qua
652 3031 850 3107 Clytemestra
866 3032 951 3107 ignes
965 3031 1075 3090 Troiae
1091 3031 1346 3106 expugnationem
1466 3047 1467 3102 l

265 3131 351 3190 solito
376 3131 462 3190 eitius
484 3132 652 3192 indioantes
675 3133 822 3193 describit.

222 3234 291 3292 ibid.
314 3237 384 3295 545.
456 3231 582 3293 ποθεῖν
605 3230 787 3294 ποθοῦντα
809 3224 910 3314 τήνδε
929 3229 993 3314 γῆν
1016 3223 1163 3313 στρατόν
1183 3227 1288 3314 λέγεις
1302 3265 1346 3274 -

265 3337 293 3395 in
317 3338 542 3415 stiohomytbia‚
574 3357 650 3414 qnae
678 3338 802 3412 dieitur3
830 3340 911 3398 vioes
941 3338 1147 3414 interrogandi
1169 3341 1199 3398 et
1221 3355 1345 3415 respon-

265 3439 354 3498 dendi
377 3442 529 3517 praesenti
554 3461 613 3501 non
638 3441 827 3502 mediocriter
849 3441 959 3501 lavent.

223 3541 292 3601 ibid.
317 3546 408 3604 1129.
478 3533 673 3618 δολοφόνου
697 3537 834 3622 λέβητος
856 3533 958 3621 τέγαν
982 3555 1035 3602 σοι
1059 3537 1154 3621 λέγω.

223 3645 353 3721 Ohoeph.
379 3649 448 3706 181.
478 3630 540 3722 οόχ
563 3628 667 3726 ἧσσον
689 3631 882 3725 εὐδάκρυτά
902 3662 959 3723 μοι
982 3640 1087 3725 λέγεις
1109 3635 1198 3706 τάδε.

308 3749 404 3806 Etiam
436 3749 465 3806 in
496 3749 792 3826 interrogationibus,
828 3751 858 3808 in
892 3743 999 3825 quibu's
1029 3751 1171 3808 aoristum
1203 3749 1345 3809 usitatum
1466 3793 1467 3826 γ

223 3869 290 3911 esse
312 3851 502 3910 videbamus:

224 3954 280 4030 Ag.
305 3956 375 4013 268.
483 3950 554 4024 πῶς
577 3943 651 4031 φῄς;
673 3948 818 4033 πέφευγε
841 3941 969 4025 τοῦπος
992 3945 1026 4028 ἐξ
1049 3937 1210 4024 άπιστὶας.

128 4077 132 4082 ·
223 4056 292 4116 ibid.
317 4059 385 4118 634.
480 4050 554 4127 πῶς
576 4042 639 4135 γάρ
663 4051 767 4135 λέγεις
787 4051 933 4135 χειμῶνα
1029 4049 1143 4115 ἐλθεῖν
1167 4061 1221 4116 eto.

224 4159 325 4237 Suppl.
350 4162 419 4220 332.
478 4153 510 4217 τί
532 4143 596 4236 φῂς
618 4151 786 4218 ἱκνεῖσθαι
808 4145 910 4219 τῶνδ
934 4144 1089 4238 ἀγωνίων
1111 4154 1223 4230 desim
1245 4189 1286 4198 -

224 4238 322 4322 duom.
347 4265 416 4322 101.
478 4255 589 4320 καίτοι
610 4257 643 4320 τί
666 4280 765 4344 popu·
787 4264 868 4340 quod
892 4259 1137 4340 exemplum'iam
1160 4280 1251 4339 supra
1267 4279 1346 4321 oom-

268 4364 504 4425 memoravimus.
