2938 4846
1193 374 1230 434 31

367 534 476 627 μόρον
499 532 528 606 0⁰
541 534 688 627 όφερτον
712 542 914 618 Πελοπίδαις
936 533 1158 626 ἐπεύχεται.

120 671 146 710 v.
169 655 256 712 1606.
369 645 487 729 τρίτον
508 640 570 729 γὰρ
596 637 682 709 ὄντα
700 635 798 728 μ’ἐιιὶ
823 634 889 710 δέκ’
913 636 1025 729 detto
1047 645 1149 730 πατρί

369 743 652 828 συνεξελαύνει
674 744 805 813 τυτθόν
828 738 898 812 ὅντ’
920 738 956 812 ἕν
978 743 1190 832 σπαργάνοις.

200 856 233 915 In
259 856 443 932 (theophoris
466 844 611 933 praesens
634 857 807 916 historicum
829 875 889 916 non
913 862 1003 917 extat.
1024 854 1114 929 —lil

182 946 429 1018 ¹Eumenides:

201 1061 290 1120 Initio
317 1060 434 1137 prologi
460 1062 571 1138 Pythia
600 1062 684 1120 varia
714 1061 775 1120 fata
801 1062 913 1122 oraculi
944 1062 1082 1140 Delphici
1106 1066 1236 1139 enarrat,

120 1163 206 1222 nullis
228 1163 327 1223 adhoc
350 1163 438 1222 animi
461 1165 733 1240 perturbationibus
756 1165 894 1235 excitata,
917 1169 950 1225 ut
971 1166 1123 1241 praesenti
1146 1165 1235 1224 histo-

120 1268 178 1324 rico
200 1267 231 1324 in
254 1270 312 1324 tam
336 1267 437 1341 quieta
459 1267 660 1344 descriptione
684 1268 787 1327 deesse
809 1267 948 1326 videatur
969 1269 1047 1327 iusta
1070 1286 1170 1328 causa.

201 1369 318 1428 Primos
354 1369 466 1429 oraculi
503 1371 554 1446 qui
586 1371 740 1429 extiterint
767 1388 956 1446 possessores
985 1371 1156 1448 praeteritis
1186 1371 1236 1429 ad·

119 1471 217 1531 bibitis
248 1475 412 1548 enumerat,
434 1472 545 1532 Goeam
569 1479 598 1532 et
619 1473 760 1549 Themin,
782 1456 802 1552 ἢ
826 1462 865 1551 δὴ
888 1463 928 1530 τό
950 1463 1074 1553 μητρός
1097 1466 1235 1550 δευτέρα

118 1561 187 1630 τόδ’
211 1562 302 1649 ἕζετο
324 1580 483 1650 μαντεῖον
507 1620 512 1632 .
538 1621 544 1632 .
569 1620 575 1633 .
600 1609 610 1618 -
636 1621 641 1632 .
753 1641 754 1646 1

341 1661 725 1755 ’-θῶῴψω

373 1764 474 1856 λάχει,
497 1769 673 1859 θελούσης,
697 1767 776 1838 οὐδὲ
797 1765 883 1858 πρός
905 1773 982 1852 βίαν
1004 1765 1095 1850 τινός

376 1876 505 1952 Τιτανὶς
527 1870 612 1962 ἄλλη
635 1889 713 1952 τιαῑς
736 1868 873 1952 Χθονὸς
895 1877 1068 1957 καθέζετο,

377 1979 482 2064 Φοίβη
505 2029 511 2042 .
538 2031 544 2042 .
569 2029 576 2043 .

204 2088 265 2145 Iam
288 2085 326 2145 ad
349 2087 519 2163 Apollinem
543 2088 593 2147 ubi
616 2089 761 2164 pervenit,
785 2106 929 2165 praesens
950 2087 1091 2148 infertur:

118 2209 146 2248 v.
170 2193 197 2248 7.
374 2184 512 2248 δίδωσι
536 2175 564 2248 δ’
578 2178 599 2269 ἦ
621 2184 798 2269 γενέθλιον
822 2177 916 2250 δόσιν
940 2185 1054 2269 Φοίβῳ

6 2279 7 2314 l
162 2296 191 2350 et
213 2291 292 2350 infra
314 2311 341 2352 v.
365 2297 413 2364 12,

373 2388 572 2472 πέμπουσι
595 2379 624 2453 0⁰
637 2381 741 2454 αὐτόν
764 2391 821 2454 καὶ
843 2390 1028 2473 σεβίζουσιν
1048 2390 1131 2475 μέγα

373 2491 614 2557 κελευθοποιοὶ
636 2493 751 2569 παῖδες
768 2482 948 2574 Ἡφαίστου
971 2529 1012 2539 -

116 2617 145 2656 v.
173 2603 219 2659 15.
375 2586 524 2678 μολόντα
547 2585 691 2660 δἀὐτόν
714 2589 820 2679 κάρτα
842 2600 1035 2679 τιμαλφεῖ
1055 2591 1146 2672 λεοός.

117 2720 144 2759 v.
172 2706 219 2762 16,
375 2695 492 2783 τέχνης
515 2697 552 2762 δέ
572 2719 626 2761 νιν
649 2694 732 2774 Ζεύς
755 2696 877 2762 ἔνθεον
898 2699 1013 2774 κτίσας
1036 2696 1142 2783 φρένα

117 2823 145 2864 v.
171 2808 217 2864 17.
374 2797 449 2882 ἵζει
470 2800 634 2884 τέταρτον
655 2794 755 2864 τόνόε
776 2795 899 2882 μάντιν
919 2790 955 2863 ἐν
976 2795 1126 2886 θρόνοις.

204 2909 262 2968 Sed
284 2913 383 2968 tamen
406 2909 573 2986 praesentis
588 2909 720 2968 historici
743 2909 821 2968 iusta
843 2927 933 2968 causa
952 2928 991 2968 ne
1005 2909 1042 2968 ab
1059 2909 1103 2968 his
1119 2909 1238 2985 quidem

115 3010 193 3070 locis
214 3010 305 3070 abest.

204 3113 334 3172 Primum
358 3113 435 3174 enim
452 3114 603 3192 sacerdos,
626 3133 692 3174 oum
708 3113 812 3174 eodem
828 3115 893 3174 loco
909 3118 1055 3185 versetur,
1079 3133 1138 3190 quo
1160 3134 1239 3191 quae

114 3221 222 3274 narrat
251 3215 332 3275 faeta
364 3234 429 3277 esse
460 3217 615 3288 dicuutur,
645 3217 674 3275 in
704 3216 852 3292 Apollinis
883 3217 1003 3277 historia
1033 3218 1144 3294 optimo
1174 3219 1239 3278 iure

114 3321 336 3396 commoratur,
367 3320 478 3396 quippe
501 3320 554 3396 qui
576 3337 657 3378 nuno
680 3320 799 3379 oraculo
823 3321 937 3396 praesit
965 3323 996 3379 et
1015 3319 1094 3379 iusta
1116 3339 1239 3381 venera·

113 3420 201 3480 tione
224 3422 388 3481 honoretur
419 3427 510 3499 atque
534 3423 656 3482 colatur.
681 3453 719 3462 —
742 3423 819 3482 Tum
843 3439 915 3481 vero
945 3423 1033 3482 etiam
1056 3426 1163 3499 poetae
1186 3425 1239 3483 ali-

114 3523 194 3598 quid
216 3523 386 3584 interfuisse
409 3525 536 3601 videtur,
559 3525 639 3584 hano
654 3523 770 3583 fabulae
787 3523 823 3582 de
847 3523 961 3598 origine
984 3526 1099 3584 oraculi
1114 3531 1238 3602 partem,

113 3644 199 3702 quac
229 3627 267 3686 ad
296 3626 466 3703 Apollinem
497 3629 629 3704 spectat,
667 3626 837 3702 diligentius
867 3625 1017 3685 illustrari.
1074 3626 1240 3691 Scholiasta

204 3843 237 3909 ⁴²)
259 3838 313 3894 Vel
340 3839 434 3908 potius
462 3835 589 3908 σφαγάς,
616 3840 692 3909 quod
718 3845 793 3895 recte
820 3838 973 3894 coniecisse
992 3837 1238 3896 ‘Schneidewinum

110 3925 167 3992 (ad
185 3941 212 3978 v.
228 3929 304 3990 1568)
322 3925 388 3980 mihi
407 3941 571 3994 persuasum
584 3931 636 3980 est.
665 3925 708 3980 ef.
720 3923 778 3995 Ag.
793 3929 865 3982 1388.
896 3925 939 3981 Dc
951 3925 1033 3980 tmesi
1045 3923 1079 3979 ef.
1092 3927 1167 3980 Pers.
1181 3930 1238 3981 669.

113 4013 178 4064 102.
197 4015 254 4064 917.
273 4009 309 4064 cf.
328 4011 416 4080 Kriig.
436 4011 468 4065 D.
487 4012 556 4082 668,
575 4015 615 4079 48,
633 4017 657 4065 4.

206 4099 242 4165 ⁴³)
258 4098 350 4151 Etiam
370 4097 421 4151 hac
440 4113 474 4152 ex
493 4102 572 4166 parte
590 4096 779 4164 confirmatur,
804 4096 879 4164 quod
897 4096 1060 4168 Bernhardy
1078 4098 1113 4152 de
1130 4097 1182 4153 hac
1199 4095 1238 4152 fa-

109 4182 187 4236 bula
213 4182 331 4236 iudicet:
360 4181 392 4236 G.
411 4182 551 4236 Litter.ll
570 4186 597 4248 2,
622 4198 649 4250 p.
664 4185 713 4236 295
737 4183 792 4249 ted.
811 4181 881 4249 Ill):
910 4181 971 4244 „die
996 4181 1120 4251 Sprache
1147 4184 1238 4239 dieses

108 4266 239 4322 Stiickcs
257 4267 296 4320 ist
312 4266 380 4321 herb
398 4267 457 4321 und
474 4265 544 4333 hart,
562 4267 653 4320 selton
672 4266 767 4332 sehon,
785 4264 856 4320 noch
875 4266 998 4333 weniger
1013 4267 1062 4320 mit
1074 4269 1136 4322 dem
1149 4269 1238 4322 Glanu

108 4353 168 4407 der
188 4352 288 4406 beiden
305 4352 410 4405 andern
431 4351 543 4406 Glieder
562 4368 597 4404 cu
615 4351 814 4420 vergleichens·
