2938 4846
237 370 260 436 4

237 562 343 620 porum
367 543 538 604 discrimina
561 542 732 602 distinxerit
754 547 783 602 et
806 561 842 601 ex
857 543 942 601 vario
965 560 1019 601 usu
1043 560 1079 601 ea
1095 559 1212 617 semper
1227 541 1374 616 elegerit,

237 665 315 724 quae
338 647 410 706 artis
431 645 548 721 legibus
571 643 789 704 satisfacerent.

324 750 389 809 Jaur
412 753 445 808 ut
468 748 549 824 quod
572 748 755 824 generaliter
782 746 998 822 disputavimus
1019 746 1058 804 ad
1080 746 1265 823 singulorum
1290 749 1374 805 tem·

237 873 343 930 porum
367 871 453 913 usum
476 869 665 923 revocemus,
695 851 862 927 praesentis
883 851 1011 926 primum
1033 850 1242 926 persequimur
1265 865 1374 908 usum.
1437 884 1438 909 1

781 1117 818 1198 Ι.

324 1297 392 1369 Qua
414 1298 443 1355 in
468 1296 641 1372 quaestione
661 1312 726 1353 cum
752 1293 788 1352 de
812 1294 979 1369 praesentis
1001 1298 1109 1352 natura
1131 1311 1166 1352 ae
1188 1289 1247 1362 vi⁸l
1271 1292 1370 1350 latius

239 1403 269 1459 et
292 1400 441 1474 copiosius
464 1398 611 1457 disserere
627 1415 686 1455 non
703 1414 778 1472 opus
801 1396 845 1464 sit,
870 1413 905 1454 ea
920 1397 1090 1472 praeseutia
1109 1395 1207 1454 omnia
1222 1394 1371 1453 videntur

238 1501 416 1577 omittenda,
446 1519 525 1577 quae
555 1518 620 1558 cum
649 1519 686 1559 ex
716 1499 894 1558 necessitate
924 1498 1076 1574 pendeant
1107 1504 1137 1557 et
1167 1518 1184 1556 a
1214 1497 1369 1556 communi

239 1605 369 1664 omnium
392 1621 448 1662 usu
471 1601 553 1661 nullo
573 1605 661 1677 paeto
677 1602 827 1672 recedant,
851 1601 1044 1661 subtilitatem
1060 1599 1188 1676 eligendi
1205 1599 1370 1660 admittant
1439 1656 1440 1666 ,

239 1707 359 1766 nullam.

324 1809 400 1867 Nam
432 1808 558 1883 primum
589 1807 709 1883 quidem
742 1807 813 1867 nihil
844 1807 949 1865 mirum
983 1811 1027 1865 est
1058 1807 1095 1876 si,
1128 1804 1158 1863 id
1190 1804 1270 1882 quod
1298 1804 1368 1878 ipsa

239 1911 418 1969 dramaticae
457 1910 582 1969 actionis
621 1914 728 1968 natura
773 1911 847 1978 fert,
885 1926 1029 1984 praesens
1067 1908 1105 1967 ad
1143 1926 1194 1966 eas
1231 1909 1368 1966 actiones

239 2011 387 2072 notandas
418 2011 591 2088 adhibetur,
620 2029 698 2087 quae
730 2011 833 2070 eodem
865 2012 1007 2087 temporis
1038 2015 1185 2070 momento
1217 2011 1302 2069 simul
1337 2017 1369 2069 et
1440 2047 1441 2054 .

238 2114 315 2173 fiunt
337 2115 367 2173 iu
390 2133 480 2174 socna
509 2119 538 2174 et
568 2114 669 2172 verbis
700 2114 907 2188 exprimuntur
929 2115 978 2171 vel
1007 2115 1258 2189 pronuntiantur,
1280 2115 1368 2172 velut

239 2217 264 2276 si
300 2219 330 2275 in
369 2217 546 2276 Prometheo
582 2216 740 2274 vinciendo
776 2220 941 2292 occupatus
971 2216 1140 2274 Vulcanus:
1170 2209 1364 2293 περαίνεται

240 2308 299 2397 δὴ,
321 2319 434 2396 inquit,
456 2303 519 2376 κού
548 2313 637 2399 ματᾷ
667 2304 811 2396 τοῦργον
842 2308 929 2376 τόδε.
975 2319 1083 2395 Neque
1113 2320 1210 2377 minus
1238 2335 1365 2377 eonsen-

238 2424 359 2479 taneum
388 2423 434 2479 est
464 2422 615 2495 praesenti
645 2425 763 2496 poetam
793 2421 835 2478 ita
865 2422 915 2492 uti,
946 2429 978 2480 ut
1001 2424 1053 2480 aut
1075 2425 1184 2479 statum
1212 2423 1365 2496 praesenti
1441 2459 1442 2466 .

238 2526 376 2597 tempore
406 2525 629 2596 permanentem
660 2532 712 2579 aut
734 2521 943 2596 repetitionem
967 2523 1092 2581 actionis
1116 2520 1302 2597 significem).

325 2623 442 2696 Quibus
471 2625 500 2682 in
523 2623 683 2699 generibus
714 2623 808 2683 libero
831 2624 952 2684 arbitrio
976 2626 1090 2685 nullum
1114 2627 1211 2685 locum
1234 2626 1365 2703 relinqui

238 2730 345 2801 sponte
367 2725 552 2802 intelligitur.

322 2829 363 2887 At
385 2847 457 2888 vero
480 2830 654 2906 plasticum‚
685 2834 718 2889 ut
740 2831 782 2888 ita
811 2829 924 2902 dicam,
954 2835 1073 2906 poetam
1102 2832 1309 2907 cognoscimus
1334 2833 1366 2890 in

237 2931 468 3006 pronuntiandis
502 2933 657 2991 sententiis
688 2933 908 3003 communibus,
941 2933 1048 3008 quibus
1079 2952 1113 2993 ea
1143 2938 1366 3010 proponuntur,

238 3051 318 3109 quae
342 3035 473 3092 omnium
497 3051 647 3093 consensu
671 3035 857 3110 comprobari
879 3036 1026 3095 videntur.

325 3232 346 3294 ⁸)
365 3228 498 3283 Veterum
532 3228 771 3298 grammaticorum
804 3231 958 3286 sententias
991 3232 1106 3300 collegit
1132 3230 1301 3286 Schmidtius
1334 3234 1365 3286 iu

238 3314 497 3381 dissertationibus,
533 3331 603 3384 quae
632 3316 784 3384 inscriptae
812 3322 891 3371 sunt:
924 3317 1075 3371 Doctrinae
1102 3324 1257 3387 temporum
1285 3319 1365 3372 verbi

238 3399 338 3453 Graeci
362 3405 390 3453 et
407 3400 507 3454 Latini.
543 3401 623 3455 Helle
644 3405 717 3454 1836.
735 3433 769 3440 -
787 3401 938 3456 Accedunt
961 3403 1144 3457 recentiorum
1169 3402 1364 3457 definitiones:

237 3483 526 3552 Β61161666,(1616611.
545 3486 591 3539 Gr.
610 3488 625 3556 ξ
647 3491 702 3539 137.
738 3485 880 3555 thiersch,
900 3487 1019 3540 Gramm.
1037 3491 1121 3555 8188,
1135 3492 1158 3542 7.
1195 3487 1364 3543 Schmalfeld

238 3568 344 3639 Syntax
363 3570 388 3623 d.
407 3569 510 3638 gdech.
524 3570 607 3625 Verb.
644 3572 778 3626 Eisleben
795 3577 865 3627 1846.
901 3576 969 3638 652,
984 3589 1010 3640 p.
1024 3577 1063 3626 87.
1084 3574 1198 3629 Curtius
1216 3574 1263 3628 Gr.
1276 3573 1292 3643 ξ
1305 3578 1363 3627 486.

237 3655 461 3722 Erlitnterungen
491 3656 557 3725 Cap.
578 3659 624 3722 20,
645 3673 672 3725 p.
693 3661 739 3711 178
756 3673 832 3730 seqq.
877 3659 949 3712 Rost
973 3661 987 3724 §
1008 3659 1126 3726 116,11,
1146 3665 1169 3713 6.
1212 3659 1363 3726 1161166616,

237 3737 349 3792 Altind.
368 3739 568 3808 Tempuslehre
587 3759 613 3810 p.
628 3745 668 3796 89.
704 3742 841 3811 Krueger,
860 3743 968 3797 (triech.
988 3743 1111 3811 Sprachl.
1129 3746 1148 3798 t'.
1161 3744 1282 3798 Schulen
1302 3746 1363 3813 pl,

237 3823 306 3893 §th
346 3823 419 3878 itud.
445 3824 617 3879 Kohlmann:
648 3827 689 3881 De
716 3828 796 3882 verbi
823 3829 921 3882 Graeci
948 3828 1128 3896 temporibus.
1173 3830 1253 3885 tlalis
1279 3829 1363 3884 Saro-

239 3923 305 3961 uum
323 3912 393 3963 1873.

322 3995 344 4057 ⁹)
364 3993 405 4047 Of.
426 3995 551 4050 Curtius:
571 3995 696 4065 Schulgr.
715 3997 802 4066 §486‚
824 4001 843 4051 1.
863 4002 885 4051 2.
904 3999 982 4066 (edit.
1000 3998 1065 4065 Xl):
1086 3999 1136 4053 der
1154 4000 1295 4058 Indicativ
1313 4001 1361 4056 des

236 4079 356 4133 Priisens
376 4081 550 4149 bezeichnet,
573 4086 624 4136 wie
649 4083 685 4135 im
713 4084 867 4137 deutschen
886 4085 942 4136 und
967 4083 1167 4152 lateinischen,
1194 4085 1239 4140 die
1262 4087 1290 4139 in
1314 4087 1361 4140 dor

237 4163 405 4231 Gegenwart
427 4165 568 4221 dauernde
592 4167 752 4236 Handluug.
788 4168 842 4222 Als
867 4167 961 4222 solohe
985 4170 1038 4237 gilt
1064 4174 1089 4236 1)
1107 4171 1169 4224 6166
1194 4172 1229 4224 inr
1249 4171 1361 4240 Angen-

235 4247 327 4300 blicke
346 4247 395 4302 des
411 4248 566 4317 Sprechens
580 4253 640 4306 sich
654 4253 845 4307 vollniehende
861 4254 1025 4322 Handlung,
1045 4258 1073 4321 2)
1090 4257 1152 4309 eine
1170 4258 1360 4324 gegenwiirtig

236 4331 417 4387 wiederholte
435 4335 594 4405 Handlung,
613 4337 657 4391 ein
677 4339 871 4406 gegenwiirtig
889 4338 1045 4394 dauernder
1063 4339 1197 4394 Zustaud.
