2938 4846
1213 379 1253 440 25

177 557 348 615 morandum
370 575 436 617 esse
457 557 533 616 illud
556 546 657 631 βάζει,
680 555 784 630 καλεῖ,
806 550 893 633 λέγει
915 559 1019 633 aperte
1042 556 1255 614 demonstrant

176 659 289 734 Insigni
311 678 384 719 voro
408 659 495 719 modo
526 661 579 718 iila
601 660 768 736 praesentis
791 659 924 718 historici
947 659 1073 717 variatio
1096 659 1253 716 vehemen-

176 761 281 820 tiorem
313 762 400 821 animi
429 763 562 822 illustrat
590 767 718 832 motum,
748 779 807 838 qno
838 762 962 820 nuntius
992 761 1255 838 sapientissimum,

175 863 385 940 probissimum
408 864 664 940 fortissimumque
687 864 815 923 hostiurn
838 863 1012 924 admiratur.

135 965 212 1041 Sept
236 969 306 1028 639.
385 950 513 1024 τοιαῦτ’
537 950 650 1025 ἀϋτεῑ
669 960 725 1024 mi
748 955 853 1035 θεοὺς
874 959 1068 1043 γενεθλίους

387 1067 500 1128 καλεῖ
520 1057 681 1149 πατρῴας
703 1065 763 1146 γῆς
784 1061 978 1147 ἐποπτῆρας
1000 1065 1104 1126 λιτῶν

386 1167 456 1230 τῶν
479 1153 529 1230 ὦν
553 1166 708 1250 γενέσθαι
733 1215 896 1229 ......

175 1272 280 1332 eadem
309 1274 409 1350 paullo
440 1292 546 1352 supra,
575 1294 602 1334 v.
627 1277 697 1336 635.
719 1258 835 1332 παιᾶν’
858 1257 1112 1350 ἐπεξιάκχασεν,
1142 1273 1252 1333 aoristo

174 1374 306 1435 adhibito
328 1377 443 1437 rettulit
464 1377 595 1437 nantino.

134 1477 212 1555 Sept
236 1481 307 1539 797.
385 1473 494 1557 στέγει
516 1472 551 1538 δὲ
573 1468 702 1558 πύργος
724 1509 767 1520 -

175 1581 273 1639 Finita
301 1600 405 1658 pugna
433 1582 553 1642 Thebas
582 1589 719 1642 servatas
749 1599 815 1641 esso
843 1580 937 1640 refert
963 1582 1095 1640 nuntius.
1145 1582 1253 1657 ltaque

175 1683 247 1742 illud
270 1676 377 1761 στέγει
400 1673 528 1762 πύργος
556 1704 616 1744 non
639 1685 678 1744 ad
706 1687 892 1760 praesentem
923 1701 1022 1742 rernm
1046 1687 1155 1742 statum
1177 1683 1253 1742 refe-

175 1785 301 1845 rendum
323 1790 384 1863 est3
408 1805 474 1845 riam
498 1787 685 1863 interemptis
708 1791 811 1844 mutua
830 1772 926 1845 'caede
948 1784 1092 1844 fratribus
1106 1785 1253 1862 periculo·

174 1907 234 1964 que
256 1889 381 1964 depulso
406 1889 554 1965 pracsidio
575 1889 771 1965 munitionum
789 1907 848 1948 non
864 1887 923 1946 iam
940 1905 1016 1964 opus
1032 1892 1084 1946 est.
1127 1887 1254 1947 Accedit

174 1991 254 2064 quod
284 1991 383 2050 statim
412 1991 608 2069 subsequitur
637 1992 781 2052 aoristus:
820 1984 878 2048 καὶ
913 1979 1024 2060 πύλας
1059 1976 1253 2069 φερεγγύοις

174 2083 409 2171 ἐφαρξάμεσθα
436 2083 655 2171 μονομάχοισι
681 2082 894 2171 προστάταις.
952 2094 1017 2151 Nee
1045 2097 1144 2151 tamen
1173 2093 1253 2169 qnod

175 2195 349 2272 adiungitur
372 2217 399 2256 v.
424 2200 493 2258 799.
521 2193 632 2268 καλῶς
662 2185 726 2273 ἔχει
748 2185 791 2254 τὰ
811 2178 939 2254 πλεῖστ’
963 2187 1000 2253 ε”ν
1023 2185 1058 2270 ἓξ
1079 2184 1254 2272 πυλώμασι

174 2316 228 2374 pro
251 2286 315 2376 εἶχε
337 2299 447 2358 dictum
470 2299 702 2377 indicaverim,
728 2299 864 2376 quamvis
886 2299 1016 2357 aoristus
1038 2297 1252 2373 subsequatur:

173 2383 348 2459 Ἀπόλλων
370 2387 474 2461 εἵλετ’.
506 2393 571 2480 ἔχει
594 2403 670 2462 enim
695 2402 734 2461 ad
756 2405 941 2479 praesentem
965 2401 1118 2478 loquentis
1140 2419 1252 2461 rerum·

173 2521 232 2578 que
255 2503 293 2563 de
315 2505 425 2580 quibus
446 2505 546 2580 agitur
567 2508 678 2565 statum
701 2504 893 2565 referendum
916 2503 1043 2563 videtur.

130 2599 210 2682 Sept
225 2609 295 2668 819.
382 2592 484 2678 αὐτὸς
507 2591 537 2664 0⁰
548 2593 690 2666 ἀναλοῖ
711 2601 797 2685 βῆτα
820 2596 1015 2684 δύσποτμον
1037 2600 1140 2685 γένος.

173 2709 219 2767 Dc
248 2708 371 2768 fratrum
402 2709 493 2768 caede
523 2711 634 2769 certior
661 2709 760 2769 tuctus
788 2710 898 2768 chorus
920 2727 982 2768 rem
1007 2728 1103 2786 paene
1125 2709 1252 2769 incredi-

175 2812 265 2871 bilem
295 2830 395 2871 seeum
419 2815 553 2889 reputat:
582 2799 691 2882 cirene
718 2799 737 2870 ὃ
766 2806 896 2890 δαίμων
921 2801 1036 2881 κοινὸς
1065 2797 1107 2891 ἢν
1128 2796 1253 2889 ἀμφοῖν

173 2897 248 2991 ἅμα.
302 2915 407 2991 Itaque
436 2917 459 2974 si
491 2915 549 2973 iam
576 2916 700 2974 nuntius
730 2915 909 2990 respondet:
942 2899 1042 2984 αὐτὸς
1068 2899 1191 2972 ἀναλοῖ
1212 2943 1253 2954 -

174 3009 287 3092 γένος,
321 3017 393 3076 nihil
422 3017 504 3076 aliud
534 3017 591 3077 nisi
622 3018 736 3077 tristem
767 3017 848 3077 illum
880 3017 1049 3076 certaminis
1080 3017 1191 3076 exitum
1221 3015 1251 3075 in

174 3123 273 3178 mente
296 3120 393 3178 habet
446 3121 613 3180 Praeterito
640 3121 732 3197 igitur
763 3119 805 3180 nti
836 3119 975 3194 debehat;
1005 3137 1059 3196 pro
1090 3119 1252 3197 praeterito

172 3226 270 3280 autem
298 3239 443 3298 praesens
473 3223 647 3282 historicum
677 3227 801 3299 usurpat
831 3223 1000 3282 etiamnunc
1030 3221 1059 3280 in
1084 3219 1252 3281 certaminis

173 3325 423 3402 contemplatione
445 3330 591 3386 versatus.

215 3428 409 3487 Persarum
439 3428 572 3506 perosius
601 3429 693 3489 multa
720 3427 860 3489 historica
881 3427 1053 3505 praesentia
1076 3425 1250 3487 noristorcm

125 3529 298 3590 indicativis
320 3531 429 3591 inserit.

218 3635 374 3694 Exercitus
396 3636 509 3694 Persici
533 3634 644 3694 exitum
667 3633 774 3695 anxins
801 3633 889 3694 animi
921 3633 1029 3695 chorus
1053 3629 1105 3694 sibi
1130 3635 1251 3694 revocat

125 3737 158 3795 in
183 3737 361 3797 memoriam.
406 3737 463 3796 Diu
486 3738 544 3796 iam
568 3737 660 3814 abest,
684 3737 788 3816 inquit,
811 3735 959 3798 exercitus
976 3751 1072 3814 troque
1093 3731 1250 3813 qrrisqncm

125 3839 229 3898 adhuc
262 3839 300 3898 ad
334 3857 389 3899 nos
421 3841 560 3916 pervenit
592 3839 714 3899 nuntius
749 3857 867 3919 eornm,
902 3837 950 3918 qni
986 3833 1252 3918 proficiscebantur

124 3933 235 4015 (ἔβαν)
268 3942 337 4002 oiim
371 3943 478 4002 Xerxis
509 3941 590 4002 iussu
628 3944 730 4020 acciti,
768 3931 838 4015 οἶος
870 3927 1036 4022 ,Ἀμίστρης
1066 3921 1116 4016 titi*
1156 3921 1237 3968 “m

123 4038 254 4124 νοέννς
275 4077 315 4083 -
338 4075 381 4084 -
609 4049 612 4056 ’

384 4141 482 4225 ταγοὶ
505 4145 644 4229 Περσῶν

384 4246 523 4330 βασιλῆς
546 4245 706 4326 βασιλέως
729 4241 851 4332 ὕποχοι
873 4238 1015 4333 peritior

118 4375 151 4414 v.
181 4358 229 4415 25.
384 4349 549 4413 σοῦνται
574 4401 579 4412 .
605 4399 610 4414 .
637 4403 642 4413 .
669 4403 674 4414 .

1335 4271 1457 4496 Η
