2938 4846
230 370 270 431 34

229 545 329 622 Antig.
351 550 422 607 427.
487 529 579 604 οὕτω
603 538 638 603 δὲ
658 529 774 624 χαῦτη,
797 533 901 621 ψιλὸν
924 562 969 616 ως
992 542 1055 625 cod
1078 539 1180 604 νέκυν

485 632 615 726 γόοισιν
640 636 824 726 ἐξῴμωξεν,
847 651 902 706 etc.

316 750 350 809 ln
382 750 520 810 omnihus
557 749 648 825 igitur
677 751 722 810 his
753 749 908 808 sententiis
939 748 1126 809 secundariis
1159 750 1238 809 idem
1269 752 1349 810 verbi

230 835 316 931 ὁρᾶν
339 869 482 930 praesens
505 853 661 929 repetitur,
685 858 718 910 ut
739 852 796 910 iarn
820 851 1013 922 intellexeris,
1037 857 1149 928 quanto
1173 871 1238 912 cum
1255 853 1350 914 studio
1455 851 1456 858 '

229 955 426 1032 Aeschyleam
464 954 671 1015 auctoritatem
704 955 868 1030 Sophocles
906 955 936 1012 in
975 955 1064 1014 huius
1102 955 1186 1015 verbi
1217 973 1273 1015 usu
1316 957 1351 1016 sit
1455 949 1456 956 '

230 1061 362 1117 secutus.

315 1159 466 1219 Aceteris
482 1177 553 1219 vero
570 1158 756 1220 secundariis
778 1159 934 1219 sententiis
954 1178 1020 1218 eum
1036 1141 1180 1235 praeeens
1195 1161 1261 1220 hist.
1277 1161 1352 1221 absit

216 1263 263 1320 ,in
286 1261 396 1322 fabulis
419 1261 602 1340 Aeschyleis,
625 1261 662 1320 de
679 1251 854 1339 Aeschyleo
873 1262 993 1338 quidem
1017 1280 1072 1321 usu
1096 1263 1285 1340 statuendum
1301 1268 1352 1340 est,

232 1365 312 1440 quod
340 1365 373 1426 G.
397 1365 585 1424 Hermannus
618 1361 668 1437 (ad
692 1364 782 1443 Soph.
808 1365 884 1424 Phil.
907 1363 982 1438 321)
1014 1365 1183 1444 contendit,
1212 1383 1353 1444 praesens

231 1467 333 1526 histor.
364 1468 525 1527 convenire
554 1467 702 1543 primariis
726 1468 862 1545 partibus
885 1469 1083 1540 narrationis,
1109 1487 1169 1528 non
1201 1469 1289 1528 etiam
1310 1468 1352 1540 iis,

231 1587 308 1644 quae
332 1569 427 1630 obiter
449 1574 479 1630 et
502 1569 674 1647 explicandi
697 1589 785 1630 cauea
808 1572 987 1630 inserantur.

317 1673 351 1730 In
380 1671 437 1732 illis
464 1677 561 1732 autem
586 1674 733 1750 primariis
757 1674 960 1733 narrationum
992 1673 1129 1750 partibus
1155 1674 1213 1732 hoc
1235 1673 1272 1732 de
1295 1691 1352 1750 quo

233 1775 349 1851 agimus
363 1793 505 1852 praesens
521 1776 692 1836 historicum
708 1777 751 1834 ita
766 1776 880 1836 obtinet
895 1776 1001 1852 locum,
1016 1779 1050 1834 ut
1065 1794 1174 1853 rerum,
1189 1794 1268 1852 quae
1279 1775 1328 1835 ref
1343 1806 1353 1815 ·

231 1881 347 1954 rentur,
367 1877 452 1954 quasi
469 1878 568 1954 capita
584 1878 630 1938 vel
647 1896 763 1936 summa
786 1878 958 1937 discrimina
980 1878 1107 1937 illustret
1129 1881 1158 1937 et
1180 1896 1277 1954 paene
1300 1879 1353 1938 sub

233 1983 385 2057 aspectum
416 1979 549 2040 subiciat.
602 1981 719 2041 doristo
747 1999 818 2040 vero
847 1985 946 2041 cetera
974 1980 1053 2040 facta
1079 1979 1220 2056 deinceps
1252 1983 1351 2040 notan⁴

232 2084 297 2159 tur,
324 2085 357 2142 ut
379 2082 463 2142 brevi
486 2087 648 2159 conspectu
679 2087 918 2160 cognoscentem
945 2082 1121 2158 imperfecto
1149 2082 1278 2160 denique
1301 2101 1354 2142 eae

231 2185 400 2246 accuratius
430 2185 641 2246 describuntur
669 2204 735 2263 res,
766 2204 844 2263 quae
875 2185 1045 2262 explicandi
1067 2203 1158 2246 causa
1179 2184 1355 2245 adiciendae

231 2285 430 2358 videntur⁴⁶t

319 2390 407 2465 Quod
437 2391 542 2467 paucis
573 2392 598 2450 si
630 2393 699 2451 licet
726 2392 932 2451 demonstrare
962 2391 1124 2469 exemplis,
1150 2391 1275 2468 primum
1304 2409 1355 2450 eos

234 2493 316 2553 locos
338 2511 545 2571 commemoro,
568 2493 676 2568 quibus
700 2512 790 2552 unum
815 2492 902 2553 modo
926 2492 1092 2553 illustratur
1115 2492 1235 2553 factum.
1278 2495 1355 2553 Nus·

233 2614 322 2672 quam
344 2614 400 2655 sira
423 2595 530 2672 cuique
554 2596 600 2655 vis
623 2599 661 2656 et'
675 2594 806 2672 gravitas
831 2595 921 2656 deest.

318 2699 415 2759 Prom.
440 2702 509 2759 109.
530 2692 688 2776 θηρῶμαι
709 2687 821 2777 πηγήν
845 2701 901 2758 etc.
924 2701 1040 2776 spectat
1067 2698 1106 2757 ad
1129 2697 1240 2757 fontem
1264 2698 1356 2758 totius

233 2801 311 2872 mali,
327 2819 386 2878 quo
399 2801 561 2862 miserrime
575 2802 702 2862 cruciari
715 2802 925 2862 Prometheum
938 2801 1087 2872 videmus;
1104 2800 1210 2860 eodem
1225 2799 1357 2860 referen-

234 2903 302 2963 dum
320 2908 371 2975 est,
388 2903 469 2980 quod
485 2902 564 2963 infra
578 2924 607 2962 v.
620 2908 682 2965 229
700 2905 849 2980 sequitur:
866 2888 974 2975 εὐθὺς
983 2897 1073 2981 νέμει
1089 2948 1095 2959 .
1121 2949 1126 2960 .
1153 2949 1158 2960 .
1184 2949 1189 2960 .
1214 2920 1357 2979 praesens

232 3006 414 3066 historicum.
446 3007 541 3065 Etiam
557 3007 628 3083 quid
646 3006 703 3066 sibi
718 3007 791 3066 velit
805 3006 877 3066 illud
895 2995 1013 3064 κόπτει
1027 2994 1172 3084 πεδήσας
1189 3009 1244 3066 etc.
1259 3006 1358 3074 (Eum.

235 3106 309 3180 635)
324 3127 361 3168 ex
373 3109 464 3169 totius
475 3108 672 3168 Eumenidum
685 3108 787 3169 fabula
798 3109 941 3169 econsilio
954 3109 1143 3186 perspicitur,
1154 3108 1235 3186 quod
1248 3107 1357 3168 Schoe-

233 3229 359 3270 mannus
381 3210 412 3270 in
435 3210 623 3288 praefatione
646 3211 844 3272 Eumenidum
874 3231 903 3288 p.
928 3214 968 3272 10
979 3228 1063 3288 seqq.
1090 3207 1240 3271 subtiliter
1262 3209 1357 3286 expli-

233 3314 301 3375 cuit.
355 3315 430 3374 Item
458 3311 562 3391 Suppl.
586 3317 655 3374 297.
678 3309 838 3395 τελευτᾷ,
870 3319 940 3376 300.
966 3303 1117 3389 πελάζει,
1148 3319 1218 3376 312.
1245 3303 1359 3388 φιτύει

233 3417 404 3494 praesentia
432 3417 463 3476 iu
494 3416 704 3503 investiganda
738 3416 885 3478 affinitate
920 3420 1096 3494 versantur,
1126 3435 1186 3492 qua
1214 3416 1359 3494 praesidii

232 3519 312 3596 qnod
335 3521 460 3578 Danaus
483 3519 607 3595 eiusque
630 3519 707 3579 liliae
729 3524 875 3598 appetunt
897 3519 1026 3580 osticium
1049 3520 1159 3579 nititur.

317 3621 358 3682 At
387 3639 458 3681 vero
491 3621 577 3682 etiam
611 3621 661 3681 ubi
690 3622 778 3682 latius
803 3625 923 3682 manant
954 3640 1053 3683 rerum
1080 3625 1232 3699 gestarum
1256 3639 1360 3681 narra·

230 3725 326 3784 tiones
349 3724 453 3784 eadem
476 3723 526 3782 lex
549 3723 750 3800 cognoscitur.
1033 3786 1037 3794 ⁴
1133 3787 1135 3793 .
1266 3785 1270 3793 ,

315 3828 531 3886 Percurremus
554 3813 787 3904 descriptionem
810 3827 891 3888 illam
913 3846 1033 3904 pugnae
1057 3826 1253 3903 Salaminiae,
1275 3845 1359 3904 quae

314 4007 349 4072 ⁴⁶)
366 4006 486 4060 Easdem
504 4020 574 4074 quas
593 4021 645 4060 nos
662 4006 815 4076 praesenti,
828 4006 862 4060 R.
875 4005 990 4060 Kiihner
1007 4005 1066 4074 (Gr.
1079 4005 1115 4059 Il.
1131 4010 1151 4059 1.
1171 4021 1232 4075 pgr.
1245 4009 1306 4072 386,
1320 4007 1363 4072 6.)

228 4091 336 4146 consto
361 4096 456 4160 partes
480 4090 592 4159 tribuit,
613 4090 643 4144 id
666 4092 742 4160 quod
766 4087 928 4160 Aeschyleo
950 4097 1171 4161 ceterorumque
1184 4090 1362 4146 scenicorum

228 4182 374 4245 poetarum
406 4192 459 4230 usn
491 4176 584 4230 minus
619 4177 792 4245 comprobari
824 4177 945 4231 videtur.
991 4178 1106 4232 Rectius
1134 4177 1167 4230 H.
1191 4177 1225 4230 D.
1249 4176 1362 4231 Miiller.

228 4261 335 4332 Syntax
355 4261 381 4315 d.
400 4261 501 4330 griech.
520 4260 615 4330 Temp.
629 4263 723 4330 Progr.
743 4262 868 4331 Gotting.
886 4265 956 4317 1874,
977 4279 1038 4331 pgr.
1052 4267 1075 4318 8.
1094 4279 1121 4332 p.
1136 4265 1167 4315 20
1186 4261 1222 4315 de
1241 4260 1362 4315 diverso

227 4352 371 4416 poetarum
390 4353 419 4400 et
437 4346 604 4416 scriptorum
624 4362 677 4402 usu
694 4347 807 4402 iudicat.
