2938 4846
204 409 245 469 22

206 583 321 643 alienus
344 582 462 644 videtur·
485 581 618 656 esse³⁶);
646 604 713 644 nam
744 586 781 644 ab
804 585 964 646 Homerica
985 585 1173 662 simplicitate
1195 589 1226 644 et
1246 589 1327 645 trau·-

206 685 353 763 quillitate
376 685 499 762 lenique
522 690 552 746 et
574 687 725 764 aequabili
753 688 899 748 orationis
920 690 1017 747 tractu
1041 688 1211 765 praeseutia
1236 687 1327 748 histo·

206 789 270 847 rica
290 789 397 849 abesse
417 788 497 872 inter
519 807 621 850 omues
643 793 767 850 constat.
790 819 832 829 -

293 889 361 950 Alia
390 908 461 950 sero
492 910 528 952 ac
558 892 649 970 plane
679 892 831 953 contraria
860 896 906 952 est
933 892 1114 953 dramaticus
1137 893 1235 970 poesis
1258 912 1326 953 cou-

207 992 295 1065 dicio,
314 987 436 1070 'quippe
459 1012 537 1072 quae
560 1012 619 1054 uon
644 996 760 1072 epicum
784 996 867 1055 illum
890 996 1023 1073 quietum
1051 999 1081 1055 et
1103 995 1239 1056 sedatum
1263 1013 1327 1056 ora-

206 1096 296 1155 tionis
331 1114 452 1156 cursum
475 1101 613 1174 appetat,
650 1097 703 1157 sed
742 1099 839 1159 omnia
873 1097 990 1158 dicendi
1028 1115 1140 1175 genera
1169 1097 1328 1176 variasque

208 1199 384 1260 elocutionis
407 1201 539 1260 rationes
564 1204 593 1260 et
615 1204 693 1260 artes
716 1202 746 1260 in
770 1219 855 1260 suum
878 1219 964 1261 usum
988 1204 1145 1262 convertat
1167 1206 1197 1262 et
1219 1202 1256 1261 ad
1279 1219 1329 1261 res

208 1317 296 1377 quam
327 1302 549 1362 accuratissime
579 1301 792 1364 describendas
820 1304 1099 1381 permovendosque
1128 1307 1328 1381 spectatorum

207 1404 322 1463 animos
351 1403 501 1465 adhibeat.
562 1406 710 1466 Praesens
748 1424 820 1466 vero
858 1397 1029 1466 historicum
1061 1405 1136 1466 duas
1166 1408 1329 1484 praecipue

207 1510 331 1584 propter
348 1523 454 1566 causas
470 1526 537 1567 cum
554 1508 646 1568 ceteri
661 1508 772 1568 scenici
788 1511 896 1587 poetse
912 1512 973 1569 tum
990 1508 1159 1586 Aeschylus
1174 1509 1204 1569 iu
1220 1508 1330 1570 fabulis

208 1627 369 1687 usurpasse
401 1608 559 1681 videntur3
591 1611 732 1688 primum,
762 1610 844 1688 quod
875 1610 980 1671 mirum
1011 1614 1154 1688 quantum
1185 1612 1266 1672 valet
1291 1610 1330 1671 ad

210 1729 268 1772 res.
281 1729 342 1790 eas,
364 1730 443 1789 queo
465 1717 642 1789 praesentes
665 1732 724 1773 nou
747 1717 835 1791 sunt,
856 1713 1052 1774 illustrandas
1075 1717 1105 1774 et
1127 1717 1330 1791 spectatorum

210 1814 304 1875 oculis
331 1814 533 1889 subiciendas;
562 1834 598 1876 ea
620 1817 696 1876 enim
720 1820 766 1876 est
787 1817 954 1894 praesentis
970 1817 1162 1895 proprioris,
1184 1821 1218 1876 ut
1239 1818 1328 1877 animi

211 1917 343 1994 figantur
366 1918 450 1994 quasi
472 1919 502 1977 in
525 1918 615 1978 rebus
631 1923 661 1978 et
675 1920 860 1980 retineantur
870 1920 922 1996 ita,
939 1923 971 1979 ut
986 1920 1148 1980 subsistant
1161 1920 1329 1998 paullulum

211 2025 241 2080 et
262 2019 305 2079 rei
327 2021 376 2080 vel
398 2021 525 2080 aetionis
548 2021 699 2098 cuiusque
717 2022 873 2082 decursum
898 2023 1151 2100 contemplentur.-

294 2122 446 2183 Nar'raudi
476 2123 553 2183 enim
584 2125 708 2202 propria
745 2130 881 2202 tempora
910 2128 979 2184 sunt
1008 2126 1137 2186 acristus
1164 2128 1194 2185 et
1224 2126 1329 2202 imper-

209 2224 319 2286 fectum
362 2226 411 2286 vel
448 2227 785 2305 plusquamperfectum.
844 2227 969 2288 Placido
1006 2228 1098 2305 igitur
1136 2245 1227 2288 cursu
1265 2229 1330 2288 fluit

210 2328 315 2405 oratio,
336 2328 385 2388 ubi
409 2329 536 2390 solistus
560 2330 640 2389 tacta
656 2333 784 2407 enarrat,
806 2329 1013 2406 imperfectum
1037 2349 1072 2391 ea
1092 2331 1230 2407 explicat,
1253 2348 1330 2406 quae

210 2430 396 2490 describendi
428 2449 519 2490 causa
549 2429 778 2502 inse1·uutur³⁶).
839 2435 900 2493 lam
938 2433 1068 2494 occurrit
1097 2434 1138 2492 in.
1158 2434 1215 2493 hoc
1251 2433 1329 2492 iusto

195 2551 308 2592 rerum
332 2533 435 2594 ordine
458 2533 556 2594 subito
579 2551 724 2610 praesens
748 2552 803 2609 pro
825 2535 995 2611 praeterito.
1039 2535 1176 2612 Miratur,
1197 2535 1331 2596 subsistit

210 2654 293 2696 mens
307 2635 453 2696 auditoris
469 2640 503 2694 ut
526 2637 555 2694 in
573 2655 605 2696 re
621 2637 751 2702 insolita
764 2641 795 2696 et
811 2642 933 2714 praeter
948 2639 1201 2715 exspectationem
1217 2637 1332 2715 oblata,

210 2756 270 2816 quo
294 2721 335 2814 iit,
359 2741 393 2798 ut
415 2756 450 2798 cx
473 2738 705 2816 praeteritarum
728 2757 827 2800 rerum
850 2740 992 2801 memoria
1014 2757 1081 2801 sose
1103 2741 1188 2819 quasi
1210 2743 1332 2801 revocet

210 2842 241 2900 in
263 2843 450 2918 praesentem
483 2859 568 2902 suum
599 2845 707 2902 statum
736 2846 767 2902 et
789 2862 877 2919 quam
908 2844 1161 2904 accuratissimam
1190 2843 1234 2904 rei
1262 2862 1334 2921 pro-¹

210 2944 334 3021 positae,
356 2945 387 3003 iu
403 2963 462 3022 qua
478 2944 581 3010 haeret
597 2946 703 3005 mentis
719 2946 868 3022 cogitatio,
891 2946 1011 3024 assequi
1031 2945 1151 3007 studeat
1165 2945 1333 3023 imaginem.

211 3047 278 3121 Qua
309 3064 346 3106 ex
380 3064 481 3106 rerum
513 3047 690 3108 condicione
722 3049 809 3107 simrd
837 3049 1017 3126 perspicitur
1046 3048 1122 3108 ratio
1150 3066 1227 3126 quae
1254 3049 1333 3108 inter

210 3148 416 3228 imperfectum
444 3152 474 3208 et
495 3150 636 3210 aoristum
661 3153 692 3210 et
713 3168 857 3227 praesens
879 3151 1055 3212 historicum
1078 3151 1246 3212 intercedit.

296 3365 329 3428 85)
345 3362 435 3418 Recte
453 3359 489 3416 A.
503 3362 547 3417 W.
560 3361 689 3432 Schlegol
708 3364 784 3432 apud
802 3365 977 3434 Kruegerum
996 3364 1044 3419 Gr.
1058 3366 1092 3420 D.
1111 3368 1178 3432 §53,
1195 3369 1215 3419 l.
1236 3361 1291 3418 Ae.
1305 3369 1332 3418 l:

211 3449 277 3512 ,das
302 3447 488 3516 Vergangene
511 3448 558 3502 nie
581 3449 623 3503 als
646 3448 839 3518 gegenwiirtig
862 3450 1050 3505 voruustellen
1072 3450 1111 3505 ist
1134 3451 1183 3504 der
1206 3447 1334 3518 Gattung

210 3550 242 3588 so
262 3533 426 3588 wesentlich
439 3533 530 3602 sigen,
549 3533 615 3589 dass
628 3535 678 3589 der
690 3533 812 3603 Dichter,
830 3534 1013 3590 vermuthlich
1025 3534 1097 3590 ohne
1109 3533 1168 3590 sich
1182 3534 1334 3589 besonders

210 3620 295 3674 deren
313 3635 348 3672 au
367 3618 510 3686 erinnern,
529 3618 574 3674 die
592 3617 838 3688 Ausschliessung
857 3619 907 3674 des
924 3621 1043 3675 Prtsens
1062 3621 1112 3675 der
1128 3619 1288 3676 Zeitwdrter
1304 3619 1334 3673 iu

210 3705 260 3760 der
289 3703 450 3773 Eraehlung
479 3703 693 3773 durcbgeheuds
725 3705 918 3760 beobachtet.“
971 3706 1051 3770 Quod
1084 3705 1157 3760 idem
1189 3703 1334 3760 confirmat

210 3789 333 3844 Klihner.
351 3791 368 3844 l.
382 3790 398 3844 l.
416 3790 502 3860 §382
516 3795 539 3844 2.
576 3785 671 3854 „Aber
693 3791 743 3844 der
766 3789 866 3860 rubigo
884 3792 945 3845 'l'ou
971 3791 1020 3845 der
1038 3789 1172 3861 cpischen
1190 3789 1334 3859 Dichtung

210 3874 388 3931 versohmitht
401 3875 499 3930 diesen
512 3875 671 3945 Gebraueh3
682 3876 711 3929 in
725 3875 779 3930 deu
792 3875 992 3930 Homerischon
1005 3875 1155 3945 Gesttugeu
1167 3875 1256 3931 findet
1274 3873 1334 3930 sich

209 3961 294 4016 taum
319 3960 420 4029 irgend
447 3962 510 4015 eine
537 3959 612 4031 Spur
639 3962 732 4015 davon
749 3965 791 4030 (q,
811 3962 883 4029 104),
907 3961 950 4015 eiu
973 3959 1102 4016 Gleiclres
1126 3961 1179 4030 gilt
1200 3977 1257 4016 von
1278 3959 1332 4014 den

210 4033 412 4115 Nibeluugen.“
432 4046 579 4114 -Longe
601 4045 655 4099 alia
677 4061 744 4100 vero
769 4050 813 4100 est
838 4043 976 4100 Aeneidis
1000 4044 1135 4100 condicio.
1178 4045 1333 4114 Vergilium

210 4131 290 4199 enim,
307 4146 363 4186 non
381 4131 505 4190 nativum
517 4129 594 4184 illum
611 4130 725 4200 quidem
737 4136 849 4199 poetam
862 4131 912 4187 sed
931 4129 1087 4201 elegentiae
1099 4129 1333 4185 studiosissimum

211 4212 346 4286 praesens
370 4215 434 4270 hist.
458 4231 515 4269 nou
536 4216 619 4270 modo
641 4231 696 4269 non
721 4215 877 4285 sprevisse,
897 4216 947 4271 sed
971 4215 1065 4284 potius
1083 4215 1230 4270 affectasse
1253 4215 1337 4269 docet

209 4302 266 4356 Jul.
284 4303 352 4371 Ley.
372 4300 456 4369 Verg.
475 4306 583 4370 quaest
606 4316 648 4370 sp.
661 4300 682 4355 l.
703 4301 754 4363 „de
774 4306 927 4369 temporum
946 4308 1015 4356 usu“
1035 4318 1062 4370 p.
1078 4306 1087 4354 t
1102 4315 1162 4368 sqq.

198 4433 272 4512 χχ
294 4385 327 4452 ³⁶)
351 4383 393 4441 cf.
412 4385 504 4440 suun.
523 4386 540 4440 l.
553 4386 571 4440 1.
588 4386 676 4456 esse,
696 4393 719 4440 o.

273 4513 567 4834 Χ
