2938 4846
491 512 673 607 ἠλιβάτοις,
697 511 739 584 i'v’
763 509 849 606 άλκᾷ
869 519 1013 594 πίσυνος
1034 518 1157 603 μέμυκε

492 618 664 707 φράζουσα
687 625 803 708 βοτῆρι
825 613 984 706 μόχθους.

187 787 193 798 .
235 733 313 810 Sept.
339 736 408 794 604.
490 718 535 802 ὡς
557 721 619 810 γάρ
643 716 801 806 ξυυεςβάς
821 729 944 788 πλοῖον
966 713 1101 808 εὐσεβής
1125 714 1209 808 άυὴρ

492 819 646 893 ναύταισι
669 832 808 912 θερμοῖς
830 827 887 890 καὶ
908 826 1116 911 πανουργίας
1137 825 1250 910 πλέῳς

491 925 620 996 άλαιλευ
642 941 697 996 etc.

236 1042 292 1120 Ag.
320 1045 392 1103 423.
497 1024 608 1116 μάταν
631 1028 703 1117 γάρ,
726 1017 794 1096 εὖτ’
818 1025 860 1095 άυ
882 1026 991 1095 ἐσθλά
1010 1054 1062 1107 τις
1085 1031 1199 1096 δοκῶν
1221 1024 1292 1117 ὁρᾷ,

324 1145 327 1152 “
492 1129 737 1220 παραλλάξασα
761 1129 815 1199 διὰ
835 1136 944 1220 χερῶν

491 1237 634 1316 βέβακεν
657 1228 734 1319 ὄψις
756 1247 811 1302 etc.

238 1348 321 1420 Quae
344 1347 480 1423 perfecta
503 1347 644 1423 „propius
668 1347 819 1423 praesenti
842 1365 903 1406 rem
927 1351 980 1405 aut
1010 1349 1178 1406 manentem
1201 1348 1253 1405 aut
1275 1346 1360 1404 itera-

237 1455 298 1511 tam
320 1441 507 1527 signiticare“
531 1448 673 1508 videntur
697 1447 748 1522 (cf.
770 1447 876 1509 Brock.
892 1449 909 1506 l.
925 1449 943 1508 l.
959 1467 988 1524 p.
1003 1445 1065 1521 49).

228 1551 232 1558 ’
324 1554 386 1611 lam
408 1571 482 1612 vero
505 1553 529 1611 si
554 1551 686 1611 eiusdem
711 1550 819 1625 studii,
842 1551 922 1610 unde
945 1551 997 1610 illa
1019 1551 1120 1611 coristi
1143 1554 1173 1610 et
1194 1551 1362 1627 praesentis

238 1655 364 1714 variatio
393 1655 551 1732 profluxit,
589 1655 648 1713 alia
678 1653 848 1713 testimonia
880 1655 1065 1729 quaerimus,
1100 1653 1272 1730 praesentia
1301 1671 1362 1711 non

239 1775 338 1834 pauca
368 1758 547 1832 offeruntur,
576 1757 605 1815 in
636 1756 743 1832 quibus
776 1757 955 1816 contrariam
988 1755 1120 1815 eiusdem
1150 1753 1363 1814 vicissitudinis

239 1862 297 1920 vim
321 1861 537 1937 cognoscimus.
581 1860 659 1918 Nam
676 1858 756 1936 quod
781 1859 854 1917 alias
877 1860 987 1918 aoristo
1003 1857 1081 1918 idem
1105 1876 1166 1918 non
1189 1876 1257 1917 raro
1280 1874 1364 1934 prae·

239 1964 316 2024 senti
338 1967 427 2040 poeta
449 1962 626 2038 assequitur.

771 2177 835 2258 ΙΙ.

326 2339 373 2397 Ex
398 2337 538 2416 liberiore
569 2340 646 2397 enim
676 2337 805 2413 quadam
837 2338 985 2398 sentiendi
1013 2340 1042 2396 et
1065 2336 1218 2413 cogitandi
1248 2337 1368 2396 ratione

239 2441 280 2511 fit,
303 2444 336 2500 ut
358 2441 445 2499 etiam
469 2440 506 2499 ad
530 2458 592 2510 res,
616 2459 694 2516 quae
716 2446 890 2516 praesentes
914 2458 974 2499 non
997 2445 1075 2516 sunt,
1104 2441 1272 2515 praesentis
1294 2456 1369 2498 usus

240 2542 447 2602 transferatur.
506 2543 613 2618 Neque
644 2545 791 2618 repugnat
819 2541 889 2600 huic
925 2542 1064 2601 licentiae
1101 2544 1167 2618 ipsa
1197 2541 1369 2618 praesentis

242 2650 364 2715 natura,
395 2663 460 2704 cum
494 2650 524 2705 et
553 2646 674 2721 stirpem
699 2645 867 2721 praesentis
899 2645 1007 2703 nullam
1040 2645 1182 2721 temporis
1214 2645 1369 2704 notionem

242 2748 399 2825 complecti
411 2745 447 2819 ¹⁵)
479 2752 508 2806 et
536 2754 656 2824 praeter
686 2746 877 2807 indicativum
909 2751 1024 2807 ceteros
1054 2748 1222 2823 praesentis
1254 2747 1371 2822 modos,

242 2851 419 2911 infinitivum
442 2851 618 2925 praesertim
641 2854 670 2909 et
691 2851 897 2927 participium,
919 2851 1062 2925 temporis
1085 2851 1206 2910 notione
1230 2849 1371 2926 neglecta

243 2953 316 3012 nihil
332 2953 389 3011 nisi
411 2954 555 3012 actionem
579 2953 782 3028 imperfectam
807 2951 974 3028 significare
997 2957 1113 3012 constet
1124 2949 1169 3023 16).

327 3055 373 3113 Ac
386 3073 424 3113 ne
437 3054 516 3112 illam
529 3053 647 3130 quidem
664 3055 807 3130 temporis
822 3055 982 3131 notionem,
998 3071 1074 3130 quae
1089 3053 1252 3113 indicativo
1265 3072 1373 3130 quam-

243 3175 331 3233 quam
346 3157 411 3232 ipsa
432 3158 497 3215 eius
513 3156 607 3215 forma
621 3175 682 3215 non
699 3174 841 3232 expressa
856 3157 992 3232 necessit,
1013 3157 1235 3232 angustioribus
1258 3155 1371 3215 finibus

242 3258 386 3318 inclusam
404 3276 470 3317 esse
493 3276 530 3317 ex
553 3277 650 3317 rerum
667 3264 775 3318 natura
798 3260 998 3334 consequitur,
1022 3260 1162 3334 quoniam
1178 3259 1207 3317 in
1225 3261 1371 3319 continua

243 3361 315 3437 fuga
337 3377 436 3420 rerum
459 3378 603 3435 praesens
626 3366 743 3437 tempus
766 3379 825 3419 non
850 3379 914 3419 esse
937 3364 1052 3436 posset,
1084 3362 1156 3437 nisi,
1178 3360 1257 3437 quod
1281 3379 1369 3437 prae-

243 3463 411 3522 terfluendo
435 3479 552 3538 semper
575 3463 719 3539 elabitur,
747 3464 845 3522 animo
869 3463 1020 3522 hominum
1043 3463 1084 3521 ita
1106 3464 1315 3539 perciperetur
1339 3466 1371 3522 et

185 3598 190 3608 ·
245 3565 445 3625 custodiretur
469 3565 618 3640 memoria,
640 3569 673 3623 ut
696 3583 732 3624 ex
754 3583 854 3623 rerum
875 3565 995 3624 flumine
1018 3570 1191 3625 revocatum
1214 3569 1370 3642 tamquam

245 3668 355 3728 morari
392 3667 557 3744 paullulum
588 3673 617 3727 et
647 3668 837 3743 acquiescere
873 3666 1085 3743 cogeretur-td.
1141 3668 1208 3740 Quo
1248 3667 1298 3746 fit,
1336 3672 1373 3727 ut

245 3777 449 3793 -d—-u

332 3832 364 3895 ¹⁵)
381 3827 540 3883 Delbriiok:
562 3828 619 3882 Der
643 3828 726 3883 Gebr.
746 3828 869 3885 diioui.
889 3846 914 3884 u.
935 3830 998 3900 Opt.
1016 3829 1051 3882 im
1078 3828 1186 3884 Sansor.
1206 3846 1232 3885 u.
1256 3829 1371 3884 Griech.

244 3919 298 3985 p.7
318 3914 385 3968 haec
402 3913 558 3967 contendit:
578 3913 622 3967 die
641 3913 882 3983 Tempussta‘mme
901 3903 1104 3968 des‘Pmesens
1122 3914 1180 3968 und
1191 3912 1289 3969 Acrist
1307 3919 1372 3969 ent·

244 4000 339 4055 helien
356 4031 390 4038 -
407 3997 499 4052 nichts
517 4014 570 4051 von
592 3999 761 4062 Gerenwart
779 3999 836 4052 und
855 3998 1084 4067 Vorgangenheit
1101 3999 1129 4052 in
1149 3999 1217 4054 sich.

333 4087 363 4150 ¹⁶)
382 4083 425 4140 df.
441 4083 549 4137 Kohlm.
568 4084 585 4136 l.
599 4085 616 4138 l.
635 4087 650 4150 ς
669 4089 690 4138 1.
704 4099 726 4138 e.
746 4089 835 4152 pg.63
854 4088 869 4152 β
887 4087 911 4152 3,
925 4101 947 4138 e.
967 4100 1011 4154 pg.
1033 4089 1072 4138 13.
1086 4084 1111 4152 b,
1130 4101 1157 4153 p.
1178 4089 1215 4139 ¹4.
1243 4083 1371 4140 Kiihner.

245 4171 292 4225 Gr.
304 4169 340 4238 Π,
355 4175 376 4222 1.
395 4172 409 4234 ξ
421 4171 479 4237 389,
492 4172 515 4222 3.
551 4167 667 4223 Curtius
686 4168 732 4222 Gr.
745 4169 761 4239 β
774 4173 831 4223 490.
867 4167 1042 4225 Schmalfeld.
1056 4169 1074 4223 l.
1087 4170 1104 4223 l.
1117 4185 1144 4240 p.
1158 4172 1198 4224 88.

333 4257 365 4322 ¹⁷)
382 4253 424 4306 De
442 4252 493 4307 hac
509 4252 610 4322 rojam
628 4253 769 4308 Harrisius
788 4250 822 4308 ei.
839 4254 954 4308 Hermes
973 4272 1000 4323 p.
1014 4257 1046 4308 86
1065 4253 1207 4308 subtiliter
1225 4253 1370 4308 disseruit.

246 4337 288 4394 ef.
307 4340 388 4394 etiam
407 4337 542 4406 Krueger.
555 4337 601 4392 Gr.
614 4336 675 4406 Spr.
685 4339 706 4406 1,
724 4341 791 4404 553.
