2938 4846
231 383 272 454 30

315 567 362 626 Ita
390 565 482 642 igitur
510 564 585 624 haee
607 564 765 640 descriptio
789 570 834 626 est
856 567 1007 636 instituto,
1035 571 1069 625 ut
1095 567 1125 624 in
1149 565 1214 626 aliis
1236 566 1352 626 itineris

231 667 421 729 describendi
444 666 623 727 stationibus
646 668 820 728 commorari
845 669 980 728 consulto
998 667 1196 743 Clytemestra
1214 669 1352 729 videatur

231 772 304 832 alias
328 770 454 830 celerius
470 773 636 847 percurrat.

315 876 377 933 Iam
399 873 429 931 iu
452 871 653 949 descriptione
678 872 815 934 funestae
838 892 900 950 qua
914 872 1097 934 Graecorum
1121 892 1213 934 naves
1236 875 1351 950 plerae-

230 995 288 1052 que
311 976 466 1053 perierunt
487 976 673 1052 tempestatis
695 976 725 1035 iu
746 976 820 1035 mari
834 975 995 1036 saevientis
1010 977 1196 1036 tristissimus
1212 981 1352 1053 aspectus

230 1080 321 1138 totius
353 1077 544 1148 calamitatis,
574 1078 627 1154 qui
654 1076 732 1139 idem
767 1079 897 1138 animum
931 1078 1082 1156 loquentis
1112 1080 1268 1156 praeconis
1301 1079 1351 1138 vel

232 1182 358 1241 maxime
383 1184 557 1250 commovet,
580 1180 731 1257 praesenti
754 1180 888 1241 adhibito
910 1181 1005 1241 oculis
1028 1181 1180 1241 subicitur.

484 1274 556 1341 ἐπεὶ
579 1268 608 1341 δ
618 1267 746 1360 ἀνῆλθε
768 1274 924 1361 λαμπρὸν
946 1271 1046 1362 ἡλίου
1069 1273 1154 1360 φαδς

229 1407 257 1447 v.
280 1390 350 1448 659.
485 1372 637 1465 δρῶμεν
660 1369 794 1444 ἀνθοῦν
818 1379 963 1462 πέλαγος
985 1379 1128 1464 Αἰγαῖον
1151 1392 1291 1465 νεκροῖς.

316 1491 360 1548 llx
383 1486 551 1548 incredibili
573 1492 672 1548 autem
703 1489 828 1548 affectus
858 1491 1007 1565 gravitate
1030 1490 1183 1567 profluunt
1209 1508 1244 1548 ea
1264 1509 1349 1566 prae-

229 1593 339 1662 sentia,
371 1591 480 1668 quibus
512 1591 711 1667 Clytemestra
741 1591 802 1651 odii
832 1593 1091 1669 crudelitatisque·
1107 1593 1198 1670 plena
1229 1592 1349 1652 caedem

229 1695 461 1771 Agamemnonis
484 1713 502 1752 a
524 1711 556 1753 se
579 1697 782 1770 perpetratam
804 1695 935 1770 superbe
958 1695 1128 1772 profitetur:

228 1817 256 1857 v.
282 1799 371 1858 1383.
481 1789 739 1874 περιστιχίζω
759 1791 914 1854 πλοῦτον
937 1787 1075 1875 αἵματος
1098 1786 1216 1868 κακόν,
1239 1826 1280 1836 -

228 1920 256 1958 v.
281 1902 371 1959 1384.
482 1892 586 1956 παίω
610 1891 647 1956 δέ
668 1914 723 1955 νιν
746 1891 795 1968 δίς

227 2022 256 2062 v.
280 2005 371 2064 1385.
482 1995 600 2080 τρίτην
622 1992 862 2079 ἐπενδίδωμι

228 2124 254 2163 v.
280 2107 371 2166 1388.
484 2087 576 2162 οὕτω
598 2092 661 2161 τὸν
683 2089 789 2161 αὑτοῦ
811 2094 925 2181 θυμὸν
949 2087 1134 2185 ὁρμαίνει
1156 2090 1280 2176 πεσῶν,

482 2190 682 2282 κάκφυσιῶν
704 2190 816 2281 ὀξεῖαν
839 2197 976 2284 αἵματος
997 2197 1128 2286 σφαγήν

227 2331 254 2370 v.
279 2314 368 2372 1390.
481 2298 618 2382 βάλλει
639 2293 803 2389 μ’ίρεμνῇ
824 2295 953 2387 ψακάδι
975 2307 1109 2385 φοινιᾶς
1132 2299 1255 2389 δρόσου
1277 2341 1320 2350 -

269 2415 433 2473 orationem
456 2431 528 2472 vero
550 2411 594 2472 ita
616 2412 783 2472 concludit:

227 2535 254 2574 v.
279 2518 369 2578 1397.
484 2507 633 2572 τοσῶνδε
656 2500 795 2593 κρατῆρ’
818 2506 855 2572 ἐν
879 2503 993 2593 δόμοις
1014 2511 1132 2574 κακῶν
1154 2499 1210 2574 ὅδε

423 2655 429 2662 ·
481 2605 610 2695 πλήσας
633 2601 762 2694 ἄραίοον
784 2600 889 2687 αὐτὸς
911 2601 1062 2677 ἐκπίνει
1083 2603 1208 2696 μολῶν.

311 2721 358 2780 Ab
397 2721 476 2780 omni
515 2719 670 2780 oculorum
708 2719 887 2797 auriumque
923 2720 1139 2798 approbatione
1169 2724 1228 2780 tam
1259 2719 1347 2780 foede

226 2821 337 2882 factum
368 2822 529 2882 abhorrere
553 2825 787 2882 cousentaneum
811 2825 863 2882 est.
894 2853 936 2862 -
965 2824 1106 2884 Attamen
1135 2824 1230 2884 omnis
1258 2822 1348 2882 huius

225 2923 365 2985 facinoris
396 2925 541 2986 atrocitas
570 2925 747 2985 illustranda
769 2929 799 2985 et
821 2926 917 2985 oculis
940 2926 1114 2986 subicienda
1134 2930 1206 2986 erat
1249 2926 1346 2985 Histo-

224 3028 319 3088 ricum
357 3045 502 3106 praeseus
539 3029 691 3104 totiusque
721 3045 831 3087 scenae
869 3029 947 3096 (nam
981 3028 1182 3104 eocyelemate
1212 3027 1346 3088 adhibito

220 3122 354 3206 'corpora
369 3131 578 3206 Agamemonis
601 3134 632 3189 et
652 3129 846 3201 Cassandrae,
862 3129 971 3207 quibus
986 3130 1192 3206 Clytemestra,
1215 3131 1346 3189 mulieris

225 3237 407 3311 monstrum,
436 3232 537 3292 adstat
567 3231 698 3310 furiosa,
727 3233 758 3291 in
788 3250 880 3292 scena
910 3230 1149 3310 conspiciuntur)
1182 3237 1346 3310 apparatus

224 3335 376 3411 eiliciuut,
406 3339 439 3394 ut
469 3334 543 3394 nihil
571 3335 629 3394 iam
660 3334 845 3395 desideretur
873 3335 912 3395 ad
941 3337 986 3396 rei
1010 3354 1153 3396 summam
1181 3335 1346 3413 perspicui·

223 3441 323 3498 tatem.

309 3539 417 3617 Neque
448 3539 544 3599 minor
566 3539 612 3598 vis
642 3540 719 3599 inest
752 3540 782 3598 in
820 3539 1022 3616 descriptione
1061 3539 1231 3617 Thyesteas
1264 3539 1344 3600 illius
1452 3541 1453 3567 ί

223 3660 331 3714 cenae,
355 3660 416 3719 qua
437 3641 600 3719 Aegisthus
623 3641 838 3717 turpitudinem
861 3659 946 3702 suam
969 3660 1113 3702 excusare
1134 3641 1243 3703 studet
1286 3645 1345 3703 De·

223 3744 286 3804 dita
317 3762 411 3821 opera
433 3749 633 3804 commoratur
654 3743 684 3802 in
707 3743 760 3821 ils,
789 3760 867 3819 quae
894 3744 933 3804 ad
956 3744 1097 3814 facinoris
1118 3743 1291 3806 foeditatem
1314 3749 1344 3804 et
1450 3795 1451 3806 .

222 3845 398 3906 iniustitiam
429 3845 621 3922 aperiendam
659 3846 818 3923 plurimum
855 3847 958 3907 valere
993 3847 1150 3924 videntur,
1186 3851 1220 3907 ut
1249 3848 1343 3908 instm
1449 3927 1450 3934 ρ

223 3945 262 4021 (v.
287 3944 382 4019 1604)
406 3965 439 4008 se
461 3966 574 4025 poenas
597 3947 634 4007 ab
656 3948 881 4024 Agamemnone
904 3949 1078 4025 repetivisse
1101 3948 1292 4011 demonstret.

476 4031 496 4106 ὁ
519 4035 548 4108 δ
560 4034 674 4107 αὐτῶν
695 4034 806 4109 αδτίκ’
829 4034 950 4132 ἀγνοίᾳ
972 4035 1089 4123 λαβῶν

221 4170 250 4213 v.
274 4156 365 4213 1596.
479 4140 592 4210 ἔσθει
613 4136 720 4231 βορὰν
743 4137 894 4226 ίίσοοτῶν,
919 4135 964 4224 ῶς
987 4140 1077 4235 δρᾷς,
1099 4146 1195 4230 γένει.

476 4237 607 4312 κᾶπειτ’
630 4237 788 4331 ἐπιγνοὺς
810 4245 912 4334 ἔργον
935 4239 977 4314 ον’
999 4248 1174 4314 καταίσιον

476 4341 623 4435 ᾤμωξεν,
647 4340 836 4433 ἀμπίπτει
859 4341 967 4417 δ’ῶπδ
990 4355 1162 4435 σφαγῶςίί)
1186 4350 1277 4435 ἐμῶν
