2938 4846
1209 411 1246 471 21

123 587 171 645 ita
193 587 349 664 explicuit,
382 591 413 645 nt
436 586 523 646 facile
548 604 731 664 cognoscere
758 587 856 662 possis
886 605 939 645 cur
968 586 1101 661 perfeeto
1126 587 1169 645 uti
1191 604 1249 644 ma-

123 689 219 748 luerit
240 693 338 766 poeta,
361 707 503 764 praesens
526 689 739 766 repudiaverit.
784 688 862 747 lllud
885 690 970 762 enim,
994 688 1075 765 quod
1091 688 1171 763 Sept.
1186 691 1248 748 4⁴24

122 783 234 852 et'555
250 789 415 850 invenitur:
437 787 499 849 τοῦ
520 780 630 870 πάρος
655 784 854 868 λελεγμένου
877 791 1091 867 iuterpretatur
1113 792 1166 849 ita:
1196 792 1248 859 ,ln

121 897 255 970 utroque
279 894 345 953 loeo
367 882 476 971 πάρος
499 894 646 970 particula
668 893 810 952 aoristum
827 893 947 952 videtur
965 893 1132 970 requirere;
1155 910 1248 968 quare

121 995 303 1071 particulam
326 995 405 1054 illam
430 997 466 1054 nd
489 996 638 1056 notionem
662 996 788 1055 actionis
811 995 874 1054 eius
898 1013 975 1072 quae
998 983 1121 1070 peracta
1135 989 1166 1054 in
1182 1013 1247 1071 per·

120 1097 206 1157 fecto
227 1099 304 1156 inest
325 1099 491 1174 appositam
515 1116 579 1158 cese
603 1101 779 1175 statuemus,
801 1099 990 1175 participium
1013 1101 1112 1156 autem
1137 1094 1247 1176 λελεγ-

120 1194 226 1276 μένος
256 1219 316 1259 uon
347 1219 412 1259 eum
442 1201 610 1276 significare
633 1201 670 1260 de
695 1218 755 1277 quo
778 1206 866 1260 antea
890 1199 999 1259 dictum
1023 1204 1082 1277 est,
1103 1200 1156 1259 sed
1180 1219 1247 1259 eum

121 1321 215 1378 quem
238 1320 275 1362 ex
299 1305 577 1362 commemoratione
600 1303 651 1362 illa
674 1300 837 1362 novimus.“
887 1290 924 1360 dt
955 1301 992 1361 ed
1016 1303 1164 1362 Prometb.
1185 1306 1246 1363 825

122 1391 146 1462 ἃ
171 1398 255 1482 πρὶν
284 1403 403 1483 μολεῖν
434 1391 524 1482 δεῦρ’
556 1394 808 1485 ἐκμεμόχθηκεν
838 1393 973 1483 φράσω,
1001 1405 1079 1464 idem
1109 1404 1247 1464 adnotat:

122 1507 343 1576 „Prometheus
359 1507 490 1583 perfecto
513 1509 615 1586 utitur,
638 1509 708 1584 quia
732 1526 791 1567 non
815 1526 892 1583 quae
915 1508 1034 1584 singula
1049 1508 1080 1566 lo
1104 1525 1247 1584 perpessa

121 1610 161 1668 sit
185 1627 309 1668 narrare
332 1609 386 1669 eod
409 1629 445 1669 ea
467 1611 662 1686 pronuntiare
686 1611 760 1688 vult,
783 1627 860 1688 quae
884 1610 1040 1670 exanclato
1058 1611 1116 1669 iam
1139 1610 1248 1670 habeat

121 1717 153 1772 et
177 1713 347 1787 superata.“
370 1742 412 1751 -
434 1712 646 1772 Additamento
672 1713 764 1788 igitur
786 1714 835 1771 illa
862 1713 1039 1788 temporalia
1068 1731 1134 1772 curn
1167 1732 1247 1782 „non

121 1814 160 1874 ad
186 1817 294 1873 etatum
318 1820 521 1891 praesentem,
553 1815 603 1892 qui
634 1817 662 1874 in
687 1816 820 1891 perfecto
844 1817 933 1889 inest,
961 1815 1014 1876 sed
1039 1814 1074 1875 ad
1099 1817 1246 1875 actionem

121 1921 284 1993 antequam
313 1920 408 1977 status
437 1917 492 1977 iste
522 1918 666 1978 incideret
696 1921 864 1994 peractam,
893 1937 970 1995 quae
1001 1937 1060 1979 non
1092 1917 1189 1978 miuus
1215 1918 1245 1976 in

120 2018 259 2095 perfecto
283 2020 373 2095 inest,
396 2021 565 2097 spectent,“
592 2019 653 2079 fieri
678 2040 738 2079 non
762 2025 873 2096 potest,
898 2021 969 2096 quin
993 2020 1030 2078 ed
1054 2039 1152 2079 rerum
1178 2039 1246 2079 con·

120 2121 268 2180 dicionem
290 2123 507 2199 explicandam
536 2127 565 2181 ct
600 2123 804 2182 illustrandam
840 2122 974 2200 perfecta
1004 2124 1058 2182 illa
1086 2123 1245 2200 plurimum

121 2224 280 2294 valuerint,
305 2228 336 2283 ut
358 2226 446 2284 etiam
470 2243 507 2284 ex
531 2227 585 2284 bac
609 2225 773 2286 variatione
795 2226 963 2302 praesentis
986 2230 1016 2284 et
1038 2225 1165 2302 perfecti
1183 2228 1245 2284 stu·

120 2326 203 2385 dium
227 2323 409 2406 πλαστικῆς
432 2327 629 2404 Aesclryleum
653 2330 790 2403 apertum
812 2328 858 2387 sit.

646 2595 721 2676 ru.

209 2790 300 2849 Cuius
323 2790 456 2851 eiusdem
479 2791 566 2850 studii
590 2791 759 2849 testimonia
782 2791 865 2849 nulla
888 2793 1007 2849 exstant
1034 2788 1246 2865 manifestiora,

119 2911 213 2968 quam
241 2911 343 2951 corum
379 2912 456 2969 quae
483 2894 512 2950 iu
544 2891 695 2951 narrando
733 2898 918 2968 usurpantur
955 2890 1248 2968 temporumdiscri·

119 2995 219 3070 mina,
247 2995 349 3054 aoristi
373 2997 502 3066 scilicet,
534 2995 698 3071 imperfecti
730 2995 805 3068 (sive
832 2993 1133 3072 plusquamperfeoti)
1162 3011 1248 3070 prae·

118 3099 217 3156 sentis
241 3097 371 3173 denique
395 3099 532 3157 historici.

208 3216 308 3292 Atque
339 3217 439 3276 aoristi
476 3217 595 3292 quidem
628 3223 658 3276 ot
687 3216 862 3295 imperfecta
892 3216 964 3293 quid
1001 3216 1056 3274 eibi
1094 3216 1188 3274 velint
1217 3217 1247 3273 iu

119 3321 262 3395 promptu
286 3322 344 3394 est3
376 3319 485 3378 aoristo
516 3322 593 3378 enim
623 3319 702 3377 facta
729 3337 794 3379 sose
822 3321 964 3395 deinceps
986 3317 1167 3394 excipientia
1189 3319 1247 3376 sin-

118 3420 244 3496 gulatim
269 3425 464 3496 enarrantur,
493 3421 699 3497 imperfectum
724 3425 840 3498 autem,
868 3422 948 3499 quod
979 3438 1039 3481 non
1062 3419 1246 3478 narrativum

121 3521 179 3581 sed
204 3522 419 3599 descriptivum
442 3524 507 3582 iure
530 3527 648 3600 tempus
668 3525 849 3603 appellatur,
871 3524 909 3583 ad
932 3523 1133 3582 accuratiores
1147 3539 1246 3580 rerum

120 3625 267 3699 imagines
298 3624 508 3700 exprimendae
540 3624 708 3684 adhibetur.
761 3626 940 3686 Historicum
968 3628 1066 3682 autem
1096 3641 1248 3699 praesens,

121 3726 204 3802 quod
233 3727 354 3804 Graeci,
386 3746 447 3803 qua
477 3727 628 3786 excellunt
656 3728 768 3802 ingenii
800 3727 966 3786 admirabili
993 3726 1133 3784 facilitate
1156 3729 1247 3802 atque

121 3829 305 3905 mobilitate,
340 3848 394 3889 suo
430 3829 650 3906 quodammodo
682 3831 746 3891 iure
779 3830 834 3889 sibi
863 3825 1156 3903 vindicave1·unt³⁴),
1186 3832 1245 3887 tam

120 3932 244 3991 insolito
274 3950 365 4007 saepe
394 3951 475 3992 more
498 3936 676 4009 usurpatur,
707 3936 739 3992 ut
766 3932 989 4009 diligentionem
1013 3931 1246 4007 explicationem

120 4033 262 4094 videatur
285 4034 412 4110 exigere.

210 4136 255 4195 Ae
277 4136 314 4196 ab
337 4138 423 4212 cpico
447 4137 565 4212 quidem
590 4155 701 4213 genere
725 4141 783 4197 tam
808 4139 975 4198 rhetoricus
997 4138 1079 4198 color
1105 4135 1247 4197 orationis

210 4387 244 4452 ³⁴)
262 4382 304 4438 df.
324 4383 414 4438 Klihu.
433 4385 518 4455 §382,
533 4389 556 4438 2.
593 4384 745 4440 Delbrllck.
764 4383 823 4440 Alt.
842 4385 937 4455 Temp.
957 4401 983 4453 p.
997 4389 1037 4438 89.
