2938 4846
1232 317 1252 378 3

130 486 221 546 cuius
252 487 323 546 artis
353 487 484 546 studium
516 490 570 548 etsi
594 488 738 564 imprimis
761 489 791 546 in
815 490 1031 565 „epitlretorum
1056 491 1201 549 electione
1224 494 1254 548 et

79 624 85 637 ·
130 587 233 663 vigore
255 589 482 649 translationum
506 595 597 666 atque
629 590 853 649 similitudinum
879 597 908 650 et
930 592 958 650 iu
991 610 1089 651 rerum
1113 596 1254 650 accurata

130 694 160 748 et
181 689 259 749 faeta
282 686 772 772 quodammododcscrsptione⁷)“
796 695 938 769 cernitur,
960 698 1057 753 tamen
1082 712 1141 753 non
1158 695 1253 752 minus

129 793 320 869 perspicuum
344 796 390 852 est
411 795 441 852 in
465 795 632 870 praesentis
648 800 1063 874 ceterorumquetempqrum
1081 814 1136 854 usu
1152 795 1256 855 subtili

131 897 160 954 et
183 897 255 971 apta
276 896 450 955 variatione.

217 1015 293 1072 Nam
316 1033 382 1073 oum
399 1016 505 1074 ceteris
521 1021 583 1075 tum
599 1017 648 1075 vel
670 1017 795 1076 maxime
812 1017 983 1075 dramatieis
1007 1017 1102 1093 poetis
1120 1017 1150 1074 id
1166 1035 1253 1093 agen·

132 1116 202 1175 dum
225 1121 278 1191 est,
301 1121 334 1175 ut
356 1117 502 1193 quidquid
514 1119 563 1176 vel
585 1118 643 1190 fiat,
666 1119 716 1177 vel
738 1119 768 1177 in
792 1137 986 1194 personarum
1003 1119 1108 1178 animis
1129 1137 1255 1178 commo-

131 1223 246 1288 veatur,
260 1219 289 1276 id
306 1226 507 1295 spectatorum
524 1221 646 1279 auribus
662 1221 816 1296 oculisque
840 1223 880 1279 ita
903 1221 1087 1298 obversetur,
1110 1227 1143 1280 ut
1166 1222 1254 1281 etiam
1303 1221 1307 1228 '

132 1321 299 1379 absentium
321 1340 420 1380 rerum
443 1322 587 1398 imagines
609 1329 784 1399 praesentes
808 1323 919 1382 babere
943 1324 985 1381 illi
1009 1324 1065 1382 sibi
1088 1324 1255 1383 videantur.

132 1424 200 1482 Non
231 1425 307 1482 enim
338 1428 457 1483 enarrat
484 1426 665 1485 dramaticus
694 1432 783 1502 poeta
812 1427 890 1484 sieut
921 1427 1038 1502 epicus,
1066 1445 1143 1502 quae
1165 1428 1256 1502 „irre-

134 1525 277 1594 vocabilis
313 1527 469 1586 abstulerit
505 1529 560 1586 iarn
598 1529 762 1603 praeterita
797 1520 911 1603 aetas,“
949 1528 1002 1588 sed
1040 1547 1118 1604 quae
1156 1534 1256 1588 mente

134 1634 164 1686 et
196 1628 376 1703 cogitatione
413 1629 587 1705 complexus
627 1635 673 1688 est
706 1631 749 1688 ita
787 1631 917 1705 explieat
957 1634 986 1689 et
1023 1632 1052 1688 in
1093 1634 1256 1706 conspeetu

134 1731 233 1805 ponit,
257 1734 289 1789 ut
316 1748 415 1789 rerum
445 1732 529 1790 initia
558 1738 587 1790 et
616 1732 730 1809 fontes,
761 1733 917 1802 decursus,
948 1732 1023 1790 fines
1046 1738 1137 1808 atque
1159 1734 1256 1791 exitus

134 1833 208 1909 ipsis
238 1832 331 1890 oculis
362 1835 616 1911 contemplemur,
653 1840 686 1893 ιιι
716 1835 844 1910 denique
875 1835 1054 1910 sentiamus,
1084 1833 1257 1910 cogitemus,

134 1935 270 1993 vivamus
302 1953 368 1993 cum
403 1936 445 1994 eis
479 1953 553 2011 quas
583 1945 673 2014 poeta
705 1939 734 1994 in
766 1954 886 1995 scenam
918 1936 1057 2012 producit
1087 1936 1257 1996 fabularum

135 2055 279 2112 personis.

222 2157 318 2230 Quam
341 2176 484 2216 summam
508 2165 537 2217 et
559 2159 683 2234 primam
701 2159 884 2218 dramatieac
907 2158 980 2218 artis
1003 2158 1100 2235 legem
1116 2158 1260 2234 Aeschyli

136 2278 255 2331 manum
279 2260 439 2332 direxisse,
463 2261 530 2337 quis
564 2280 622 2320 non
654 2261 743 2320 habet
772 2261 974 2338 exploratum,
1005 2261 1057 2338 qui
1079 2259 1259 2336 considerat,

135 2363 218 2422 illum
242 2363 364 2422 Homeri
387 2362 462 2422 adeo
486 2362 578 2422 fuisse
601 2363 775 2437 studiosum,
798 2367 831 2421 ιιι
853 2380 923 2421 suas
945 2363 1115 2439 tragoedias
1136 2350 1258 2440 τεμάχη

135 2462 206 2522 τῶν
223 2447 365 2544 Ὁμήρου
386 2455 541 2542 μεγάλων
564 2458 712 2523 δείπνων
735 2482 800 2524 esse
818 2466 1019 2524 confiteretur.
1063 2465 1101 2523 st
1123 2465 1175 2540 qui
1198 2483 1258 2524 non

137 2568 310 2644 quiescebat
338 2569 369 2628 in
400 2569 483 2645 rupis
511 2575 692 2644 praeruptae
716 2568 764 2638 (ci.
788 2567 892 2644 Suppl.
917 2571 977 2626 792
989 2571 1083 2642 seqq.)
1108 2573 1159 2625 aut
1188 2571 1258 2626 tem-

137 2670 261 2746 pestatis
284 2671 560 2730 vehementissimae
584 2671 694 2742 (Prom.
713 2673 794 2730 1080
806 2666 901 2745 seqq.)
924 2675 975 2728 aut
997 2669 1155 2745 Typhonis
1179 2667 1260 2742 (ibid.

138 2776 177 2833 35
190 2769 285 2848 seqq.)
302 2780 354 2832 aut
368 2777 480 2848 septem
496 2773 614 2831 illorum
638 2773 689 2848 qni
704 2772 825 2831 Thebas
849 2771 1026 2830 obsidebant
1049 2771 1157 2830 dueum
1173 2788 1260 2829 aceu-

141 2876 292 2933 ratissima
304 2875 514 2950 descriptione,
530 2876 581 2949 qui
594 2875 773 2949 pennigeras
784 2873 957 2948 appellabat
967 2875 1053 2932 nives
1068 2874 1176 2941 (Prom.
1190 2875 1261 2933 993.

136 2969 352 3055 λευκοπτέρῳ
374 3006 416 3015 -
438 2961 581 3051 νιφάδι),
604 2977 655 3052 qui
684 2976 784 3034 multis
807 2975 872 3033 aliis
894 2975 999 3053 rebus,
1023 2994 1098 3051 quas
1121 2994 1181 3034 non
1204 2974 1261 3034 nisi

138 3078 316 3154 cogitatione
348 3079 588 3154 complectimur,
621 3079 706 3154 quasi
737 3095 846 3152 eorpus
876 3077 1031 3148 induebat,
1062 3077 1140 3137 idem
1172 3078 1261 3135 etiam

137 3185 306 3257 temporum
337 3199 422 3240 usum
453 3182 495 3239 ita
517 3181 688 3240 moderatus
711 3183 773 3255 est,
801 3187 835 3238 ut
864 3197 963 3238 rerum
987 3198 1075 3254 quarn
1106 3179 1260 3238 maximam

138 3282 273 3342 efficeret
287 3284 542 3360 perspicuitatem,
564 3287 598 3340 ut
619 3283 717 3341 varias
733 3283 884 3358 cogitandi
905 3281 1114 3356 sentiendique
1129 3281 1262 3341 rationes

139 3385 303 3461 detegeret
317 3390 347 3444 et
368 3387 453 3461 quasi
475 3387 594 3444 intimos
617 3403 737 3444 suarum
762 3403 959 3460 personarum
986 3385 1100 3442 animos
1123 3385 1261 3461 aperiret.

226 3506 292 3579 Quo
316 3507 346 3564 in
368 3506 465 3564 studio
489 3523 555 3563 cum
579 3523 638 3564 non
662 3504 849 3562 mediocriter
872 3504 1068 3562 adiuvaretur
1091 3503 1166 3562 mira
1188 3522 1261 3579 qua·

140 3607 207 3666 dam
238 3625 365 3684 graecae
395 3607 517 3682 linguae
546 3612 576 3664 et
605 3607 792 3665 volubilitate
815 3611 845 3664 et
867 3606 1016 3681 elegantia
1040 3604 1262 3680 formarumque

140 3711 286 3786 ubertate,
307 3717 405 3768 tamen
428 3710 457 3767 in
481 3709 625 3767 sermonis
649 3699 849 3767 constituendi
872 3725 995 3765 munere
1026 3706 1063 3765 ab
1086 3708 1150 3765 eius
1172 3706 1262 3767 laude

140 3813 212 3872 nihil
237 3813 407 3888 derogatur,
430 3810 589 3869 dummodo
613 3811 807 3887 respiciamus
823 3829 911 3886 quam
935 3809 1034 3869 subtili
1056 3809 1168 3868 iudicio
1190 3815 1262 3868 tem·

141 3963 343 3970 ——fl

226 4046 248 4109 ⁷)
267 4040 309 4097 Cf.
331 4042 463 4097 Lechner.
486 4043 503 4096 l.
519 4043 537 4096 l.
554 4059 582 4111 p.
601 4046 641 4095 25.
681 4039 854 4110 Bernhardy.
872 4041 889 4093 l.
906 4040 924 4093 1.
942 4056 969 4108 p.
987 4044 1050 4094 256:
1083 4039 1185 4102 „Unter
1209 4039 1263 4094 den

141 4126 462 4198 Eigenthtimliehlreiten
480 4128 573 4182 seines
582 4126 649 4181 Stils
668 4126 726 4180 und
738 4124 942 4180 dichterischen
953 4125 1059 4179 Genius
1077 4125 1140 4178 tritt
1151 4122 1264 4178 charak·

141 4213 283 4267 teristison
304 4212 402 4266 hervor
420 4213 471 4266 das
488 4213 552 4266 Bild
567 4213 624 4264 und
639 4211 685 4264 dis
706 4209 850 4278 figtirliche
869 4209 1043 4278 Redeweise,
1061 4208 1165 4262 welche
1186 4208 1262 4262 seina

142 4299 337 4367 Komposition
357 4296 408 4352 auf
422 4300 494 4352 allen
511 4297 643 4352 Punkten
662 4293 845 4350 beleuehtet.“

1028 4398 1060 4449 μ
