2938 4846
1235 356 1272 437 9.

133 555 211 630 qued
251 572 395 630 praesens
435 561 560 617 vocatur
597 561 714 632 tempus
746 555 886 615 cancellis
922 555 1071 631 utrimque
1100 551 1255 632 patefactis

131 675 212 716 nunc
240 658 270 716 iu
299 659 491 733 praeteritum
523 678 622 719 rernm
653 662 761 718 statum
791 657 921 733 refugiat
948 677 1029 716 nune
1061 658 1091 716 in
1121 655 1255 715 futurum

132 765 300 835 procurrat.
353 760 514 821 Licenticri
554 760 644 837 igitur
682 749 851 836 praesentis
887 762 953 820 usui
986 779 1045 819 non
1075 758 1161 818 mode
1196 776 1255 818 nen

4 897 10 947 .'
131 863 244 922 resistit
265 863 341 922 haec
365 881 465 922 rerum
489 864 624 923 condicio
652 863 703 922 scd
734 864 820 922 etiam
844 863 934 922 favet.
979 862 1133 922 Libericre
1155 863 1255 920 autem

131 964 190 1024 hcc
213 983 268 1024 usu
292 983 327 1024 ec
351 966 446 1024 minus
470 966 663 1037 offendimus,
694 985 752 1042 quc
775 967 917 1043 propius,
944 965 1024 1042 qued
1048 983 1081 1024 re
1103 982 1176 1022 vera
1197 964 1254 1022 iam

11 1082 20 1163 i
130 1068 160 1126 in
184 1068 378 1142 praeteritum
400 1071 519 1145 tempus
535 1069 654 1145 refugit,
678 1067 716 1128 ad
738 1072 925 1144 praesentem
942 1085 1091 1144 quemque
1105 1065 1255 1143 loquentis

131 1172 242 1228 statum
255 1159 403 1247 pertinet.
512 1239 516 1246 ,

679 1343 710 1412 1.

217 1493 263 1552 Ac
294 1495 420 1570 primum
454 1495 573 1572 quidem
605 1495 634 1554 id
661 1495 726 1555 fieri
752 1499 851 1572 petest
872 1496 903 1554 in
933 1495 1032 1554 verbis
1061 1492 1202 1553 audiendi
1225 1496 1255 1552 et

1 1619 20 1661 r·
130 1595 248 1656 dicendi
261 1593 306 1668 18).

218 1699 331 1758 Iustam
354 1700 499 1758 rationem
523 1704 691 1778 sequuntur
713 1701 819 1760 herum
843 1701 1000 1760 verborum
1024 1699 1134 1758 acuisti.
1177 1699 1252 1757 Nam

2 1811 16 1865 i.
131 1802 302 1861 accuratius
333 1821 395 1861 rem
423 1802 623 1863 consideranti
653 1822 711 1863 vox
742 1802 833 1862 semel
862 1803 970 1862 emissa
1001 1820 1058 1861 nen
1088 1800 1255 1878 praesentis

4 1933 13 1969 ,ι
131 1903 185 1963 sed
208 1904 360 1980 praeteriti
384 1905 526 1982 temperis
548 1904 667 1964 videtur
690 1902 810 1978 essem).

218 2021 266 2084 Sic
288 2025 318 2083 in
342 2025 559 2102 stichomythia
582 2044 659 2102 quae
684 2025 799 2097 dieitur,
823 2026 931 2084 chorus
954 2026 1005 2084 vix
1028 2025 1102 2082 baec
1122 2041 1253 2100 prenun-

132 2127 220 2186 tiavit
243 2127 348 2187 verba:
372 2119 504 2186 αἰτοῦσι
526 2117 570 2208 μη
594 2111 693 2207 ’κόῷς
715 2122 831 2186 τιαισὶν
854 2116 1028 2206 Αἰγύπτου
1051 2114 1163 2197 πόλιν,
1187 2143 1253 2184 cnm

130 2231 230 2289 statim
254 2230 446 2305 subsequitur
468 2231 548 2307 regis
571 2249 761 2306 responsum:
784 2226 886 2309 βαρέα
910 2218 950 2288 σό
974 2213 1003 2308 γ’
1026 2217 1120 2298 εἶπας
1140 2224 1253 2304 (Suppi.

133 2329 218 2404 341).
263 2333 402 2393 Eiusdem
425 2334 545 2408 generis
567 2337 637 2392 sunt
659 2333 760 2393 acuisti
783 2334 830 2392 hi:

131 2451 234 2528 Suppl.
259 2454 329 2513 504.
391 2441 505 2530 τοέτφ
526 2446 588 2529 μἐν
610 2441 715 2525 εἶπας,
738 2447 794 2510 καὶ
816 2446 1015 2531 τεταγμένος
1036 2446 1113 2510 κίοι.

132 2555 265 2630 Oheeph.
288 2559 359 2616 434.
390 2539 669 2633 τόπᾶνότίμοος
693 2545 932 2633 bursequinus.

5 2651 7 2654 ’
131 2661 230 2718 Prem.
255 2661 325 2720 393.
391 2647 543 2733 ἐθώϋξας
564 2644 676 2736 λόγον.
728 2679 739 2695 ·

131 2761 199 2821 ibid.
225 2765 315 2822 1041.
391 2749 496 2819 εἰδότι
518 2755 571 2819 τοί
593 2777 650 2838 μοι
671 2745 765 2820 τάσδ’
790 2745 944 2839 ἀγγελίας
966 2747 1017 2821 όό
1041 2749 1200 2835 ἐθώϋξεν.

132 2863 265 2939 Choeph.
288 2867 358 2924 510.
389 2847 523 2942 μακρὰν
546 2853 606 2941 γὰρ
630 2855 792 2939 ἐξέτεινας
813 2895 856 2904 -

132 2966 189 3043 Ag.
213 2968 284 3026 829.
391 2962 485 3035 θεοῖς
507 2996 549 3005 -
572 2957 717 3042 ἐξέτεινα
741 2961 902 3045 φροίμιον
923 2976 965 3008 -’-

133 3069 189 3147 Ag.
215 3070 306 3128 1296.
392 3055 490 3144 γόναι
511 3058 645 3146 μακρὰν
667 3058 799 3141 έτεινας.

132 3173 216 3232 Pers.
241 3175 310 3231 227.
392 3155 509 3239 εὔνοος
532 3160 643 3251 κριτὴς
665 3204 708 3210 -
730 3156 824 3251 τήνδ’
847 3162 1015 3251 ἐκύρωσας
1038 3161 1141 3248 φάτιν
1162 3205 1205 3213 -

132 3275 188 3352 Ag.
212 3276 283 3336 915.
389 3262 501 3350 Λήδας
524 3266 786 3350 γένεθλον...
875 3345 878 3350 Ι

392 3359 539 3456 ἀπουσίᾳ
560 3367 620 3452 μὲν
644 3365 738 3448 εἶπας
762 3364 900 3448 εἰκότως
923 3371 991 3458 έμη).

132 3480 189 3556 Ag.
213 3483 303 3540 1426.
388 3467 609 3558 μεγαλόμητις
632 3469 669 3552 εί,
692 3475 881 3559 περίφρονα
904 3468 933 3541 ‹i'
956 3472 1069 3554 έλακες
1091 3516 1132 3524 —

132 3583 232 3641 Prcm.
256 3584 325 3642 597.
390 3566 560 3640 θεόσυτόν
583 3599 619 3640 τε
642 3571 745 3642 νόσον
767 3567 955 3661 αόνόμασας,
980 3617 1020 3626 -

131 3683 201 3743 ibid.
228 3687 316 3764 1085.
390 3672 492 3741 τοῦτό
515 3701 550 3762 γε
573 3675 700 3764 τλητὸν
720 3680 911 3767 παρέσυρας
934 3680 1024 3762 έπος,

389 3786 438 3845 ubi
455 3788 552 3846 statim
569 3789 761 3865 subsequitur
776 3809 936 3867 praesens:
959 3789 1032 3864 πῶς
1046 3809 1086 3870 με
1101 3776 1255 3861 κελεύεις.

389 3887 431 3948 Of.
456 3888 506 3948 Oh.
532 3892 600 3950 116.

132 3992 189 4067 Ag.
214 3995 304 4051 1475.
388 3985 450 4047 νῦν
473 3975 640 4068 ιόρθοοσας
656 3983 821 4072 στόματος
843 3983 986 4077 γνώμην.
1012 3999 1054 4060 cf.
1070 3998 1173 4076 Suppl.
1186 3999 1255 4057 915.

132 4122 336 4132 m

221 4206 253 4271 ¹⁸)
272 4199 313 4257 ef.
332 4201 424 4256 Kuhn.
443 4201 489 4258 Gr.
502 4205 537 4274 11,
554 4211 575 4260 1.
593 4210 679 4276 5382,
693 4213 716 4262 4.
730 4225 754 4263 a.
791 4211 868 4265 Curt.
887 4211 933 4266 Gr.
946 4216 961 4279 ξ
973 4215 1032 4280 491,
1047 4218 1068 4267 1.

221 4291 251 4353 ¹⁹)
270 4285 313 4342 ef.
332 4285 508 4344 Schmalfald.
535 4289 614 4360 Synt.
638 4293 689 4348 des
713 4294 817 4366 griech.
839 4298 987 4353 Verbums.
1009 4297 1155 4366 (Eislebsn
1180 4296 1257 4361 1846)

131 4379 200 4442 554,
214 4379 229 4426 5
247 4391 274 4443 p.
288 4377 321 4427 93
331 4387 389 4442 seq.
970 4395 980 4431 r
