2938 4846
1198 375 1235 435 17

77 601 80 604 ,
112 549 172 605 aut
195 549 335 623 exiguum
359 548 437 606 inter
459 551 648 624 praesentem
676 551 766 624 atque
789 551 984 625 praeteritum
1008 567 1106 609 rerum
1129 550 1237 608 statum

110 649 274 708 discrimen
302 649 471 708 intericiunt
501 654 554 709 aut
581 650 666 708 simul
688 651 841 726 praeteriti
865 652 1007 727 temporis
1036 651 1185 710 notionem
1210 655 1240 710 et

109 751 242 811 actionis
271 753 452 828 praeteritae
483 753 712 829 perpetuitatem
742 753 987 829 complectantur.
1031 755 1108 812 Nam
1131 753 1239 830 prioris

111 854 237 931 quidem
269 853 388 928 generis
419 854 592 913 adverbium
623 859 668 913 est
697 840 783 930 ἄρτι,
813 855 937 915 alterius
964 849 1043 913 νέον
1066 861 1096 914 et
1117 843 1240 925 κάλαι;

110 958 195 1016 siout
216 974 287 1016 vero
302 943 415 1014 vridicu
438 956 587 1034 significat
616 975 675 1015 non
704 957 799 1016 solum
830 964 916 1034 „autc
946 957 1066 1032 longum
1098 958 1240 1034 temporis

109 1057 263 1136 spatium“
285 1057 339 1118 sod
362 1059 449 1118 etiam
472 1059 547 1136 „iam
564 1078 600 1118 ex
617 1060 707 1134 longo
723 1051 885 1136 tempore,“
907 1059 949 1119 ita
962 1052 1043 1117 νέον
1059 1059 1240 1119 contrariam

110 1161 209 1221 habet
236 1160 296 1219 vim
323 1164 409 1232 „ante
431 1161 521 1221 breve
544 1153 679 1237 tempus“
702 1164 754 1221 aut
777 1180 832 1239 „ex
859 1161 944 1222 brevi
972 1161 1059 1222 modo
1081 1145 1242 1240 tempore.“

111 1263 271 1341 Exempla·
284 1264 376 1340 igitur
399 1268 502 1324 extant
523 1264 613 1325 haec:

206 1353 290 1445 ἄρτι.
1095 1420 1097 1424 ,

111 1467 199 1545 Sept.
221 1471 291 1529 534.
374 1462 492 1545 στείχει
514 1452 544 1526 d’
545 1463 661 1541 ἴουλος
685 1457 760 1549 ἄρτι
783 1459 838 1528 διὰ
858 1464 1036 1550 παρηίδων

160 1554 252 1649 ὥρας
273 1560 431 1650 φυούσης.
472 1573 718 1650 Parthenopaeus
740 1574 836 1633 Arcas
859 1575 973 1651 primae
996 1573 1148 1650 lanuginis
1171 1573 1241 1633 ado-

158 1673 278 1733 lescens
300 1673 490 1746 describitur;
515 1660 590 1753 ἄρτι
614 1676 762 1751 particula
785 1677 927 1736 aoristum
944 1676 1063 1736 videtur
1077 1677 1242 1753 requirere,

160 1795 231 1835 nam
255 1782 345 1836 enata
367 1782 412 1837 est
434 1778 490 1836 iam
514 1777 622 1855 barba3
652 1777 706 1837 sed
736 1796 880 1855 praesens
909 1780 997 1838 simul
1020 1779 1132 1840 iudicat
1154 1779 1242 1838 etiam

160 1897 245 1938 nunc
267 1878 347 1937 illam
370 1879 603 1955 progerminare,
627 1898 663 1939 ex
687 1899 747 1957 quo
769 1882 953 1958 apparuerit.

206 1974 295 2054 νέον,
319 2000 423 2058 nuper,
447 2001 484 2041 ex
507 1983 592 2043 brevi
615 1986 756 2059 tempore.

114 2101 219 2160 Prom.
243 2104 291 2161 35.
378 2085 470 2171 ὅστις
493 2087 536 2160 ἄν
558 2096 638 2160 νέον
660 2097 774 2179 κρατῇ.

115 2201 190 2261 ibid.
215 2205 286 2263 955.
375 2197 456 2261 νέον
477 2198 549 2263 νέοι
570 2211 722 2283 κρατεῖτε
749 2237 791 2246 -
819 2205 857 2264 ad
887 2223 976 2282 quem
1006 2223 1126 2264 versum
1159 2205 1244 2263 scho-

161 2305 252 2364 liasta
282 2305 451 2366 adnotavit:
484 2300 592 2380 Νέον,
629 2301 758 2365 νεωστί.
818 2291 859 2365 oc'·
896 2293 959 2385 γὰρ
998 2290 1118 2386 ἄρχαὶα
1151 2293 1245 2383 ὑμῶν

164 2387 186 2485 ἡ
215 2401 372 2480 βασιλεία.
395 2439 437 2447 -

118 2525 193 2586 ibid.
217 2530 287 2588 389.
377 2507 398 2606 ἦ
421 2523 470 2606 τῴ
492 2522 572 2587 νέον
595 2524 778 2605 κρατοῦντι
800 2547 835 2588 ιι.
860 2519 1031 2606 έδρας,·-
1047 2528 1083 2588 ol.
1104 2527 1246 2588 Valckeu.

165 2629 205 2687 ad
227 2631 328 2707 Eurip.
351 2631 464 2690 Phoen.
487 2634 584 2691 1489:
612 2630 771 2708 „frequens
793 2617 866 2710 ἥκω
890 2627 1026 2702 νεωστί,·
1047 2660 1090 2672 -
1113 2634 1158 2690 est
1173 2630 1245 2689 illud

166 2731 373 2803 Homericum,
404 2731 543 2810 Sophocli
574 2751 737 2808 nusquam,
777 2733 808 2792 in
838 2732 1008 2810 Euripideis
1043 2731 1134 2792 semel
1164 2731 1246 2791 adhi-

169 2831 339 2906 bitum.“³.1)

211 2925 325 2994 πάλαι.

217 3037 288 3098 Cum
313 3038 434 3116 acrisio,
461 3043 495 3098 ut
515 3057 569 3115 par
593 3044 646 3116 est,
669 3039 861 3115 coniungitur
883 3040 940 3115 Ag.
956 3042 1027 3100 587.
1050 3023 1249 3112 ἀνωλόλυξα

120 3134 189 3220 μὲν
210 3129 315 3198 πάλαι
335 3137 438 3219 χαρᾶς
460 3124 538 3214 ἄπο,
561 3171 604 3181 -
626 3141 679 3202 sed
701 3143 854 3218 praesenti
877 3142 1026 3202 adiectum
1050 3145 1107 3202 est:

121 3245 211 3303 Pers.
234 3246 304 3304 290.
384 3238 466 3320 σιγῶ
489 3233 594 3302 πάλαι
616 3275 659 3282 -

121 3363 184 3438 Ag.
208 3365 278 3423 364.
381 3356 471 3421 Δία.
496 3407 503 3422 .
528 3355 715 3440 ,αἰδοῦμαι

172 3452 233 3522 τὸν
247 3454 326 3522 τάδε
340 3449 503 3543 πράξαντ’
519 3454 571 3524 ἐπ’
586 3451 791 3545 Ἀλεξάνδρῳ
805 3461 960 3524 τείνοντα
975 3455 1080 3524 πάλαι
1095 3454 1198 3538 τόξον
1209 3494 1251 3502 -

173 3564 274 3640 (otiam
297 3586 377 3626 nuuc
400 3586 501 3627 arcum
525 3565 640 3640 tendit.)

217 3833 250 3896 ³¹)
267 3833 344 3886 Pers.
362 3837 401 3886 13.
429 3825 532 3905 ᾤχωκε
558 3827 626 3888 νέον
653 3826 677 3887 δ’
679 3827 769 3904 ἄνδρα
792 3827 892 3905 βαύζει
916 3863 949 3870 -
973 3835 1049 3886 recte
1075 3831 1212 3885 omittitur
1237 3845 1254 3884 a

128 3919 218 3985 Leop.
235 3917 338 3985 Brock,
356 3919 403 3986 qui
422 3918 439 3971 l.
453 3919 469 3971 l.
488 3935 515 3986 p.
528 3922 561 3971 ll
580 3917 704 3987 perfecta
728 3923 871 3973 enumerat
894 3933 956 3971 cum
983 3917 1125 3986 particulis
1143 3921 1254 3983 tempus

129 4006 225 4056 actum
248 4003 437 4056 indicantibus
461 4003 625 4072 coniuncta,
648 3991 751 4056 nullam
777 4018 844 4057 vero
872 4001 955 4056 huius
982 4001 1037 4056 loci
1055 4001 1123 4054 facit
1140 4000 1254 4054 mentio-

129 4103 204 4142 nem.
249 4088 317 4143 Nam
345 4103 419 4142 nunc
442 4078 554 4156 quidem
579 4094 690 4157 praeter
709 4087 885 4142 Dindorfium
909 4087 995 4142 ceteri
1017 4102 1079 4140 cum
1097 4085 1254 4139 Hermanno

130 4173 202 4227 illud
220 4167 287 4226 νέον
305 4177 485 4227 mutaverunt
502 4172 530 4225 in
549 4167 624 4226 νέων
647 4176 738 4240 (πᾶσα
762 4168 818 4242 γὰρ
837 4167 917 4241 ἰσχὺς
937 4164 1131 4240 Ἀσιατογενὴς
1149 4161 1255 4240 οἴχωκε

130 4258 191 4325 (vel
210 4251 326 4330 ᾤχωκε)
344 4253 427 4313 νέων.
454 4250 543 4312 κοῦτε
561 4276 603 4321 τις
623 4250 747 4328 ἄγγελος
760 4262 825 4322 etc.)
842 4255 877 4311 cf.
897 4256 1006 4310 'l'euffel
1025 4257 1069 4308 ed.
1088 4257 1163 4310 Pers.
1183 4255 1255 4307 Krit.

133 4343 281 4411 churkg.
300 4348 325 4397 cl
341 4342 434 4398 Schill.
453 4344 496 4398 cd.
515 4344 592 4398 Pers.
611 4339 743 4411 Anhang.

1036 4444 1051 4493 2
