2938 4846
1209 359 1248 421 13

210 535 317 610 Neque
339 534 424 593 aliter
447 552 494 593 res
516 552 547 594 se
571 535 664 593 habet
687 534 716 592 in
740 533 786 592 his
809 532 895 593 verbi
917 523 1065 592 κελεύειν
1079 533 1249 594 indicativis

126 635 309 711 praesentis:

126 740 223 798 Prom.
248 742 337 799 1066.
381 735 454 808 πῶς
474 756 513 817 με
538 727 682 809 κελεύεις
705 721 863 816 κακότητ’
886 722 1002 796 ἀσκεῖν
1009 759 1020 809 ,·

170 842 305 917 quamvis
327 841 488 917 praecedat
510 842 650 901 aoristus:
680 837 784 899 τοῦτο
809 835 999 919 παρέσυρας
1022 831 1119 913 taor,
1150 846 1248 901 tamen

169 962 313 1021 praesens
335 943 470 1004 infertur.

128 1046 259 1123 Ghoeph.
284 1050 342 1107 107
365 1046 404 1104 ad
427 1047 563 1105 Electrae
594 1046 844 1107 adhortationem:
876 1039 984 1123 λέγοις
1015 1032 1056 1104 ἄν
1078 1048 1250 1108 —chorus

170 1149 347 1225 respondet:
376 1142 475 1224 λέξω,
507 1138 653 1220 κελεύεις
675 1140 754 1228 γὰρ,
778 1150 796 1207 i.
813 1167 837 1208 e.
860 1142 987 1226 θέλεις,
1017 1168 1086 1208 nem
1113 1150 1250 1208 voluntas

170 1255 335 1328 permanet,
358 1271 424 1310 cum
448 1270 506 1311 vox
530 1271 590 1328 qua
613 1253 663 1312 illa
686 1255 731 1311 est
753 1253 949 1328 pronuntiata
972 1257 1138 1312 evanescet.

214 1355 275 1413 lam
304 1356 327 1413 si
358 1355 433 1414 haec
462 1357 652 1414 recensueris
683 1355 821 1430 exempla
844 1359 979 1430 apertum
1004 1361 1063 1428 est,
1086 1374 1140 1414 eur
1162 1361 1252 1432 poeta

127 1474 271 1534 praesens
288 1459 450 1533 praeterito
466 1458 656 1534 praetulerit,
681 1459 768 1516 modo
794 1459 961 1516 memineris
985 1476 1044 1517 non
1067 1459 1164 1518 subito
1188 1478 1251 1518 ver·

128 1561 235 1620 borum
259 1578 336 1634 quae
359 1561 426 1636 quis
456 1563 697 1635 pronuntiaverit
721 1561 767 1619 vel
789 1560 910 1619 auribus
932 1563 1116 1637 perceperit,
1146 1579 1251 1639 sotrum

128 1663 237 1732 emori,
268 1661 321 1721 sed
350 1662 516 1738 perdurare
544 1663 727 1739 aliquamdiu
757 1665 957 1739 memoriaque
988 1663 1140 1722 custodiri.
1185 1667 1254 1739 lpsa
1283 1662 1286 1666 ’

128 1782 201 1824 vero
230 1783 306 1841 quae
338 1764 437 1824 verbis
467 1767 544 1825 inest
575 1767 620 1825 vis
642 1763 683 1824 ita
705 1767 885 1843 percipitur,
909 1769 942 1824 ut
964 1766 1098 1841 quolibet
1119 1769 1253 1842 tempore

127 1869 160 1926 in
186 1869 354 1927 memoriam
377 1869 512 1927 revocari
528 1870 687 1944 animoque
710 1871 795 1945 quasi
818 1887 962 1944 praesens
982 1869 1136 1927 obversari
1152 1870 1253 1944 possit.

129 1970 227 2044 Quaem
251 1989 312 2029 rem
335 1970 373 2028 ad
389 1969 590 2047 frequentiam
614 1971 718 2030 horum
742 1971 944 2047 praesentium
961 1989 1019 2030 non
1037 1971 1110 2030 nihil
1126 1972 1254 2030 valuisse

129 2073 217 2131 facile
240 2073 425 2148 intelligitur;
450 2092 517 2132 nam
542 2074 634 2132 multo
650 2075 770 2149 saepius
786 2075 816 2132 in'
833 2073 974 2132 diverbiis
994 2075 1167 2150 praesentia
1189 2092 1254 2132 ver·

129 2176 235 2234 borum
259 2175 401 2234 audiendi
429 2194 517 2252 quam
542 2176 659 2234 dicendi
690 2179 881 2252 usurpantur.
926 2177 1075 2235 Praesens
1097 2177 1188 2252 igitur
1211 2181 1256 2235 est

130 2277 350 2339 considerantis
380 2283 409 2337 et
438 2279 557 2354 singula
587 2297 686 2338 secum
725 2279 884 2354 diligenter
914 2279 1114 2354 recordantis,
1145 2280 1255 2338 aoristo

130 2397 204 2438 vero
228 2380 357 2440 adhibito
381 2381 461 2456 quod
486 2381 596 2440 tactum
620 2387 665 2440 est
694 2381 866 2456 simpliciter
893 2383 1041 2440 statuitur.
1061 2397 1063 2406 ’
1087 2380 1175 2454 Quod
1198 2383 1255 2440 dis·

131 2485 243 2541 crimen
260 2491 404 2558 quantum
417 2483 554 2542 conferat
570 2484 607 2542 ad
629 2484 852 2543 describendam
876 2488 905 2543 et
927 2483 1133 2543 illustrandam
1156 2503 1256 2543 rerum

131 2584 182 2643 vel
203 2604 416 2664 personarum,
447 2604 522 2661 quas
544 2591 633 2662 poeta
656 2593 780 2662 agentes
804 2587 891 2662 lacit,
921 2587 1033 2646 variam
1057 2585 1256 2646 conditionem

131 2686 222 2747 facile
245 2689 434 2765 perspicitur.

679 2843 711 2912 2.

221 2978 328 3054 Neque
352 2979 447 3037 minus
464 2980 617 3038 commode
635 2979 798 3038 dramatico
815 2986 921 3056 poetae
937 2984 1124 3056 praesentem
1141 2997 1258 3055 semper

133 3097 234 3138 rerum
265 3083 373 3138 statum
403 3082 530 3140 intuenti
563 3100 594 3140 se
626 3083 756 3141 offerunt
784 3083 955 3159 praesentia
982 3100 1019 3141 ex
1043 3083 1141 3141 verbis
1165 3080 1256 3142 eundi

133 3183 185 3240 vel
212 3183 351 3242 veniendi
379 3185 427 3243 vel
458 3185 592 3244 mittendi
616 3203 780 3262 eorumque
810 3186 953 3244 similibus
989 3185 1138 3254 derivata;
1169 3203 1257 3260 saepe

134 3285 212 3342 enim
237 3285 361 3344 interest
385 3305 443 3345 uon
467 3292 526 3344 tam
549 3290 739 3363 praeteritam
764 3289 909 3346 actionem
934 3287 1025 3346 eundi
1048 3288 1095 3346 vel
1117 3285 1259 3346 veniendi

135 3387 184 3446 vel
213 3388 346 3446 mittendi
377 3388 538 3464 significari
569 3408 657 3465 quam
689 3393 795 3450 statum
832 3395 1020 3465 praesentem
1059 3390 1112 3448 illa
1141 3391 1258 3448 actione

136 3486 333 3561 effectum23).

222 3593 354 3651 Praeivit
372 3594 519 3653 Homerus
535 3591 588 3668 (Σ,
605 3597 665 3654 385
689 3587 784 3651 τίκτε
802 3584 927 3664 ἱκάνεις
949 3581 1111 3673 ἡμέτερον
1133 3587 1200 3664 δελ·
1224 3592 1258 3651 ef.
1360 3669 1363 3675 Ι

135 3710 157 3751 ν
180 3698 249 3764 328,
274 3693 311 3766 Ε,
334 3693 409 3768 478)
439 3714 527 3772 quem
558 3704 726 3772 sequuntur
758 3698 863 3773 reliqui
895 3703 1003 3773 poetae
1032 3701 1061 3756 et
1090 3698 1261 3772 scriptores.

135 3796 304 3872 Aesclrylea
325 3797 418 3874 igitur
441 3799 578 3875 exempla
599 3799 730 3858 breviter
754 3816 945 3858 enumerasse
968 3798 1040 3858 satis
1064 3799 1217 3858 habemus.

223 3888 338 3956 ἱκάνω.
355 3900 437 3958 Pers.
452 3904 519 3960 159.
535 3901 591 3977 Ag.
605 3905 694 3962 1337.
723 3887 938 3975 ἀφικνεῖσθαι
954 3902 1036 3960 Pers.
1049 3904 1096 3961 15.
1119 3902 1174 3976 Ag.
1187 3904 1258 3960 435.

137 4001 240 4077 Suppl.
260 4001 573 4074 maderniacum)
595 3994 658 4060 ἵκω
682 4022 740 4062 uon
765 3989 1009 4082 515151ἥκωῗ4)
1034 4005 1173 4062 Prom.'1.
1190 4005 1260 4062 284.

223 4183 256 4246 ²³)
276 4181 316 4234 Of.
341 4181 509 4236 Schmalfeld
534 4184 550 4236 l.
568 4183 585 4236 l.
604 4186 618 4246 ξ
637 4187 677 4248 54,
697 4188 720 4250 5,
740 4183 763 4235 b.
789 4199 834 4250 pg.
852 4189 893 4236 94.
938 4182 1035 4235 Akeu:
1061 4181 1261 4249 'l'empuslehre

138 4283 165 4334 p.
183 4272 218 4319 ta
256 4266 378 4320 iilihner.
390 4266 426 4332 ll,
443 4271 463 4320 l.
482 4271 558 4332 §382
572 4283 594 4320 e.
613 4272 664 4321 ete.

223 4355 258 4419 Ἃ)
276 4349 318 4406 Of.
336 4352 438 4406 Brock.
451 4354 468 4405 l.
481 4354 497 4405 l.
515 4369 543 4421 p.
558 4357 597 4406 21.
