2938 4846
1239 397 1256 456 7

390 565 530 649 πληγεὶς
552 568 638 629 θεοῦ
659 561 788 648 μάστιγι
811 566 987 649 παγκοίνῳ
1009 555 1114 649 ’δάμιγ
1137 569 1207 628 κτλ.

135 673 190 749 Ag.
214 677 284 732 717.
388 664 534 751 ἔθρεψεν
557 667 592 732 δὲ
614 668 733 732 λέοντα
755 673 827 732 κτλ.

13 822 18 860 3
135 774 204 833 ibid.
229 779 297 835 724.
388 770 496 833 πολέα
519 762 547 833 d'
571 761 635 852 ’ἔσχ’
658 767 694 834 έν
718 761 883 854 ἀγκάλαις.
909 806 951 814 -

134 876 202 935 ibid.
228 882 295 938 727.
385 867 577 954 χρονισθεὶς
600 863 629 936 ‹l'
653 864 833 953 ἀπέδειξεν.
853 911 894 916 -

133 980 202 1038 ibid.
226 984 295 1041 731.
388 967 472 1039 δαῖτ’
495 967 692 1052 ἀκέλευστος
715 973 861 1056 ἔτευξεν

133 1082 201 1141 ibid.
226 1087 295 1144 732.
387 1076 499 1160 αἵματι
523 1068 552 1142 δ’
575 1072 668 1154 οἶκος
691 1069 832 1163 ἐφύρθη,
856 1116 898 1122 κ

218 1204 298 1262 Ecce
320 1207 411 1262 totam
436 1204 688 1281 comparationem
711 1205 749 1262 ad
773 1204 893 1262 Homeri
907 1201 941 1276 ¹³)
964 1202 1183 1262 similitudinem
1207 1221 1254 1261 ac·

134 1305 348 1366 commodatam
372 1312 402 1365 et
424 1307 464 1365 ita
486 1311 672 1382 enarratam,
701 1311 734 1365 ut
756 1306 837 1383 quod
861 1306 996 1382 quolibet
1017 1310 1153 1381 tempore
1175 1304 1254 1364 acci·

133 1407 204 1467 dere
226 1409 328 1487 possit,
350 1414 430 1468 certo
454 1409 583 1485 quodam
605 1414 740 1485 tempore
763 1409 874 1468 factum
897 1408 1044 1468 videatur.

217 1511 279 1570 lam
308 1513 504 1587 perspicimus
533 1512 605 1588 quid
636 1512 750 1571 consilii
784 1513 812 1570 in
843 1513 947 1571 horum
982 1515 1011 1570 et
1047 1511 1252 1587 gnomicorum

132 1613 310 1673 acristorum
335 1633 389 1672 usu
412 1615 449 1673 sit
472 1621 657 1690 persecutus.
1263 1597 1267 1604 ¹

216 1717 293 1774 Nam
326 1717 415 1791 plane
445 1717 581 1776 Khhneri
613 1719 777 1776 sententiae
807 1718 965 1790 assentior,
1003 1717 1052 1790 qui
1084 1715 1259 1791 gnomicum.

133 1819 273 1878 aoristum
297 1819 333 1877 ab
356 1838 391 1878 eo
415 1819 534 1878 differre
557 1823 656 1896 negat,
679 1838 737 1894 quc
761 1819 839 1877 facta
862 1820 959 1878 solent
973 1815 1133 1884 narrari¹⁴l
1172 1818 1253 1878 Siout

131 1919 161 1977 in
184 1922 457 1997 comparationibus
473 1924 513 1981 ita
528 1923 555 1982 in
574 1921 778 1981 communibus
801 1921 956 1980 sententiis
979 1939 1015 1980 ex
1039 1919 1152 1979 infinita
1168 1921 1254 1997 copia

133 2023 348 2101 exemplorum,
387 2044 464 2100 quae
493 2026 661 2084 cotidianus
696 2043 768 2084 usus
799 2031 829 2084 et
857 2024 1043 2101 experientia
1071 2022 1251 2099 suppeditat,

131 2125 169 2184 ad
193 2126 423 2186 confirmandam
447 2130 574 2204 aliquam
598 2128 777 2187 sententiam
794 2128 916 2186 similem
934 2145 1025 2185 unum
1042 2130 1072 2185 et
1085 2125 1115 2184 id
1133 2126 1250 2201 quidem

132 2231 242 2288 certum
266 2231 416 2306 certisque
443 2232 586 2306 temporis
617 2231 728 2290 tinibus
759 2231 905 2289 inclusum
933 2229 1110 2305 proponitur
1133 2228 1251 2286 lactum.

132 2331 247 2390 Etenim
270 2333 352 2408 quod
368 2352 399 2392 re
423 2352 497 2392 vern
518 2333 628 2391 taetram
651 2335 842 2410 cognoscitur
865 2336 895 2392 ct
917 2331 1011 2391 oculis
1034 2331 1119 2405 quasi
1142 2332 1252 2391 clarius

131 2433 272 2508 aspicitur
295 2440 325 2495 et
348 2437 485 2496 maiorem
510 2436 599 2494 habet
627 2437 832 2494 auctoritatem
860 2453 950 2511 quam
970 2433 1053 2510 ‘quod
1077 2433 1140 2492 fieri
1163 2451 1251 2509 posse

131 2537 329 2597 contenditur.

216 2640 353 2699 Ceterum
377 2642 465 2700 etiam
489 2641 621 2700 futurum
644 2641 810 2718 praesentis
838 2641 886 2699 vel
909 2641 1036 2717 gnomiei
1061 2639 1161 2698 aoristi
1184 2637 1250 2697 loco

131 2744 269 2818 usurpari
291 2744 424 2803 videtur:

131 2845 261 2922 Ghoeph.
276 2849 366 2907 1018.
385 2833 477 2917 οάτις
499 2836 659 2926 μερόπων
681 2831 777 2925 άοινῑγ
801 2840 919 2918 βίοτον

336 2984 339 2990 -
383 2940 437 3008 διὰ
459 2933 558 3008 πάντ’
581 2935 697 3027 άτιμος
719 2935 900 3026 ἀμείψεται.

215 3051 272 3118 Sed
302 3051 419 3128 adjecta
447 3054 587 3130 negativa
616 3053 761 3130 particula
785 3052 874 3110 huius
901 3050 995 3110 futuri
1016 3054 1153 3110 naturam
1176 3050 1249 3108 satis

129 3152 272 3212 declarat.
315 3151 407 3214 Simili
423 3156 509 3214 modo
527 3157 604 3231 apud
623 3155 798 3231 Sophoclem
816 3154 980 3213 invenitur:
1004 3154 1104 3229 Autig.
1117 3155 1178 3212 348
1189 3169 1249 3228 seq.
1362 3203 1363 3208 ,

107 3239 214 3314 'idedu
248 3240 356 3332 μόνον
388 3253 505 3332 φεῦξιν
536 3243 597 3316 οὐκ
629 3246 784 3333 ἐπάξεται
816 3255 895 3328 (vide
926 3258 1059 3316 Khhuer.
1089 3255 1139 3315 Gr.
1161 3255 1200 3331 ll,
1224 3259 1251 3314 1.

128 3356 288 3435 §asam

213 3462 278 3520 Nec
301 3461 410 3521 desunt
432 3463 568 3538 perfecta
591 3465 739 3538 gnomica:

128 3564 232 3639 Suppl.
257 3566 325 3625 350.
383 3557 431 3622 ‘ide
454 3581 492 3642 με
516 3551 578 3622 τάν
601 3555 705 3623 ἱκέτιν
726 3554 859 3644 φυγάδα
881 3557 1097 3642 περίδρομον,
1124 3581 1128 3588 ·

381 3661 632 3725 λευκοὸἱιοκτον
656 3650 700 3736 ὡς
723 3657 864 3745 δάμαλιν
888 3651 941 3742 ἅμ’
962 3659 1101 3743 πέτραις

129 3783 307 3790 ——-——--

216 3849 247 3911 13)
260 3843 301 3900 or.
313 3845 419 3910 oarv,
431 3832 564 3916 :tarseus
583 3846 949 3915 11.V‚522seqq.1asseqq.
969 3845 1000 3900 n.
1010 3845 1058 3914 iv,
1070 3849 1118 3898 ιιι
1129 3860 1189 3914 sqq.
1200 3843 1249 3910 nr,

128 3936 265 3999 rarseqq.
300 3931 409 3998 nara
446 3931 650 3999 rnxvrqrro.
686 3931 736 3999 111,
748 3936 857 3986 33—36
876 3919 981 3985 ert*
1000 3930 1129 3984 ceterum
1154 3929 1250 3983 confer

127 4016 300 4070 Leehnerum
319 4017 354 4070 de
373 4016 508 4086 Aeschyli
528 4017 622 4071 studio
640 4017 785 4071 llomerieo
804 4035 830 4087 p.
844 4020 876 4068 20
888 4032 965 4085 seqq.

215 4103 246 4169 ¹⁴)
264 4100 356 4155 Ktihn.
369 4103 386 4155 l.
401 4104 417 4156 l.
435 4106 545 4169 §38t‚7
565 4101 612 4169 (of.
627 4108 649 4168 8,
663 4107 710 4169 3.):
732 4118 777 4164 „er
795 4101 1004 4156 untersoheidet
1023 4100 1082 4154 sich
1101 4101 1128 4153 iu
1141 4099 1249 4154 keiner-

126 4184 163 4240 lei
175 4185 269 4240 Weiss
288 4202 342 4240 von
361 4187 423 4240 dem
442 4186 652 4242 erztthlcudeu‚“
673 4219 704 4226 -
724 4190 799 4252 Quae
817 4186 974 4240 Kohlmann
992 4187 1040 4252 (de
1059 4184 1137 4240 verbi
1151 4184 1249 4239 Graeci

126 4272 299 4340 temporibus
321 4288 347 4340 p.
361 4275 457 4340 nseq.)
478 4273 507 4324 iu
527 4273 689 4326 eontrarium
715 4279 820 4340 partem
840 4272 997 4340 disputavit
1014 4269 1067 4324 hoc
1086 4267 1248 4339 Aeschyleo

126 4371 180 4410 usu
199 4354 356 4410 confirmari
375 4355 439 4410 mihi
458 4371 513 4409 non
532 4356 670 4410 videntur.
