<?xml version="1.0" encoding="UTF-8"?>
<!DOCTYPE html PUBLIC "-//W3C//DTD XHTML 1.0 Transitional//EN"
    "http://www.w3.org/TR/xhtml1/DTD/xhtml1-transitional.dtd">
<html xmlns="http://www.w3.org/1999/xhtml" xml:lang="en" lang="en">
 <head>
  <title>
</title>
<meta http-equiv="Content-Type" content="text/html;charset=utf-8" />
  <meta name='ocr-system' content='tesseract 3.04.00' />
  <meta name='ocr-capabilities' content='ocr_page ocr_carea ocr_par ocr_line ocrx_word'/>
</head>
<body>
  <div class='ocr_page' id='page_1' title='image "./detemporumquaae01huebgoog_0023.png"; bbox 0 0 2938 4846; ppageno 0'>
   <div class='ocr_carea' id='block_1_1' title="bbox 228 377 267 438">
    <p class='ocr_par' dir='ltr' id='par_1_1' title="bbox 228 377 267 438">
     <span class='ocr_line' id='line_1_1' title="bbox 228 377 267 438; baseline 0 0"><span class='ocrx_word' id='word_1_1' title='bbox 228 377 267 438; x_wconf 78' lang='lat'><strong>16</strong></span> 
     </span>
    </p>
   </div>
   <div class='ocr_carea' id='block_1_2' title="bbox 227 533 1356 625">
    <p class='ocr_par' dir='ltr' id='par_1_2' title="bbox 227 533 1356 625">
     <span class='ocr_line' id='line_1_2' title="bbox 227 533 1356 625; baseline -0.004 -15"><span class='ocrx_word' id='word_1_2' title='bbox 227 568 346 610; x_wconf 91' lang='lat' dir='ltr'><strong>causam</strong></span> <span class='ocrx_word' id='word_1_3' title='bbox 384 547 556 609; x_wconf 82' lang='lat' dir='ltr'><strong>Sohr&#39;ttnium</strong></span> <span class='ocrx_word' id='word_1_4' title='bbox 592 548 756 608; x_wconf 89' lang='lat' dir='ltr'><strong>coniecisse</strong></span> <span class='ocrx_word' id='word_1_5' title='bbox 794 551 883 625; x_wconf 91' lang='lat' dir='ltr'><strong>puto:</strong></span> <span class='ocrx_word' id='word_1_6' title='bbox 923 533 1004 619; x_wconf 79' lang='grc' dir='ltr'><strong><em>θεὸς</em></strong></span> <span class='ocrx_word' id='word_1_7' title='bbox 1041 534 1145 607; x_wconf 81' lang='grc' dir='ltr'><strong><em>πόλιν</em></strong></span> <span class='ocrx_word' id='word_1_8' title='bbox 1185 533 1213 606; x_wconf 66' lang='grc' dir='ltr'><strong>δ’</strong></span> <span class='ocrx_word' id='word_1_9' title='bbox 1244 538 1356 606; x_wconf 76' lang='grc' dir='ltr'><em>ἔσωσε</em></span> 
     </span>
    </p>
   </div>
   <div class='ocr_carea' id='block_1_3' title="bbox 223 639 1356 2268">
    <p class='ocr_par' dir='ltr' id='par_1_3' title="bbox 223 639 1356 2268">
     <span class='ocr_line' id='line_1_3' title="bbox 229 639 1355 729; baseline -0.002 -18"><span class='ocrx_word' id='word_1_10' title='bbox 229 639 407 721; x_wconf 74' lang='grc' dir='ltr'><strong><em>Παλλάδος</em></strong></span> <span class='ocrx_word' id='word_1_11' title='bbox 429 645 511 720; x_wconf 74' lang='grc' dir='ltr'><strong><em>θεᾶς</em></strong></span> <span class='ocrx_word' id='word_1_12' title='bbox 541 650 589 719; x_wconf 84' lang='lat' dir='ltr'><strong>(el.</strong></span> <span class='ocrx_word' id='word_1_13' title='bbox 612 648 712 710; x_wconf 88' lang='lat' dir='ltr'><strong>Herm.</strong></span> <span class='ocrx_word' id='word_1_14' title='bbox 735 649 781 708; x_wconf 90' lang='lat' dir='ltr'><strong>ad.</strong></span> <span class='ocrx_word' id='word_1_15' title='bbox 804 651 887 710; x_wconf 88' lang='lat' dir='ltr'><strong>Pers.</strong></span> <span class='ocrx_word' id='word_1_16' title='bbox 910 653 999 729; x_wconf 85' lang='grc'>339);</span> <span class='ocrx_word' id='word_1_17' title='bbox 1029 670 1117 729; x_wconf 91' lang='lat' dir='ltr'><strong>quarn</strong></span> <span class='ocrx_word' id='word_1_18' title='bbox 1146 651 1355 711; x_wconf 84' lang='lat' dir='ltr'><strong>coniecturam</strong></span> 
     </span>
     <span class='ocr_line' id='line_1_4' title="bbox 226 747 1356 828; baseline -0.002 -13"><span class='ocrx_word' id='word_1_19' title='bbox 226 757 415 815; x_wconf 89' lang='lat' dir='ltr'><strong>Hermannus</strong></span> <span class='ocrx_word' id='word_1_20' title='bbox 437 773 503 814; x_wconf 89' lang='lat' dir='ltr'><strong>oum</strong></span> <span class='ocrx_word' id='word_1_21' title='bbox 528 753 626 825; x_wconf 88' lang='lat' dir='ltr'><strong>„nollo</strong></span> <span class='ocrx_word' id='word_1_22' title='bbox 649 770 774 828; x_wconf 90' lang='lat' dir='ltr'><strong>prorsus</strong></span> <span class='ocrx_word' id='word_1_23' title='bbox 789 752 985 814; x_wconf 87' lang='lat' dir='ltr'><strong>fundamento</strong></span> <span class='ocrx_word' id='word_1_24' title='bbox 1008 754 1045 813; x_wconf 89' lang='lat' dir='ltr'><strong>sit</strong></span> <span class='ocrx_word' id='word_1_25' title='bbox 1067 747 1214 814; x_wconf 84' lang='lat' dir='ltr'><strong>stabilita“</strong></span> <span class='ocrx_word' id='word_1_26' title='bbox 1237 754 1356 813; x_wconf 91' lang='lat' dir='ltr'><strong>reiecit.</strong></span> 
     </span>
     <span class='ocr_line' id='line_1_5' title="bbox 225 839 1356 935; baseline -0.004 -17"><span class='ocrx_word' id='word_1_27' title='bbox 225 859 333 935; x_wconf 80' lang='lat' dir='ltr'>Neque</span> <span class='ocrx_word' id='word_1_28' title='bbox 360 875 433 918; x_wconf 91' lang='lat' dir='ltr'><strong>vero</strong></span> <span class='ocrx_word' id='word_1_29' title='bbox 464 874 540 934; x_wconf 93' lang='lat' dir='ltr'><strong>opus</strong></span> <span class='ocrx_word' id='word_1_30' title='bbox 571 863 616 916; x_wconf 91' lang='lat' dir='ltr'><strong>est</strong></span> <span class='ocrx_word' id='word_1_31' title='bbox 647 857 766 916; x_wconf 88' lang='lat' dir='ltr'><strong>aoristc.</strong></span> <span class='ocrx_word' id='word_1_32' title='bbox 810 857 886 916; x_wconf 90' lang='lat' dir='ltr'><strong>Nam</strong></span> <span class='ocrx_word' id='word_1_33' title='bbox 916 856 994 917; x_wconf 91' lang='lat' dir='ltr'><strong>siout</strong></span> <span class='ocrx_word' id='word_1_34' title='bbox 1015 859 1046 916; x_wconf 89' lang='lat' dir='ltr'><strong>in</strong></span> <span class='ocrx_word' id='word_1_35' title='bbox 1068 859 1152 917; x_wconf 80' lang='lat' dir='ltr'><strong>llum.</strong></span> <span class='ocrx_word' id='word_1_36' title='bbox 1174 876 1202 914; x_wconf 89' lang='lat' dir='ltr'><strong>v.</strong></span> <span class='ocrx_word' id='word_1_37' title='bbox 1226 861 1285 918; x_wconf 80' lang='lat'><strong>761</strong></span> <span class='ocrx_word' id='word_1_38' title='bbox 1310 839 1356 926; x_wconf 77' lang='grc' dir='ltr'><strong>ὃς</strong></span> 
     </span>
     <span class='ocr_line' id='line_1_6' title="bbox 225 941 1353 1038; baseline -0.002 -19"><span class='ocrx_word' id='word_1_39' title='bbox 225 991 266 1000; x_wconf 89' lang='grc'>-</span> <span class='ocrx_word' id='word_1_40' title='bbox 296 949 395 1034; x_wconf 78' lang='grc' dir='ltr'><strong><em>σώζει</em></strong></span> <span class='ocrx_word' id='word_1_41' title='bbox 424 976 463 1037; x_wconf 81' lang='grc' dir='ltr'><strong>με</strong></span> <span class='ocrx_word' id='word_1_42' title='bbox 494 944 616 1038; x_wconf 82' lang='grc' dir='ltr'><strong><em>μητρὸς</em></strong></span> <span class='ocrx_word' id='word_1_43' title='bbox 647 948 744 1017; x_wconf 75' lang='grc' dir='ltr'><em>τᾶσδε</em></span> <span class='ocrx_word' id='word_1_44' title='bbox 778 952 957 1030; x_wconf 77' lang='grc' dir='ltr'><em>συνδίκους</em></span> <span class='ocrx_word' id='word_1_45' title='bbox 989 941 1082 1037; x_wconf 79' lang='grc' dir='ltr'><strong><em>ὁρῶν</em></strong></span> <span class='ocrx_word' id='word_1_46' title='bbox 1114 964 1144 1020; x_wconf 91' lang='lat' dir='ltr'><strong>et</strong></span> <span class='ocrx_word' id='word_1_47' title='bbox 1175 960 1284 1018; x_wconf 81' lang='lat' dir='ltr'><strong>certius</strong></span> <span class='ocrx_word' id='word_1_48' title='bbox 1315 958 1353 1018; x_wconf 91' lang='lat' dir='ltr'><strong>in</strong></span> 
     </span>
     <span class='ocr_line' id='line_1_7' title="bbox 225 1045 1354 1140; baseline -0.001 -18"><span class='ocrx_word' id='word_1_49' title='bbox 225 1060 316 1140; x_wconf 82' lang='lat' dir='ltr'><strong>Soph.</strong></span> <span class='ocrx_word' id='word_1_50' title='bbox 340 1063 384 1122; x_wconf 85' lang='grc' dir='ltr'><strong>Αἰ.</strong></span> <span class='ocrx_word' id='word_1_51' title='bbox 411 1065 499 1123; x_wconf 79' lang='lat'><strong>1128.</strong></span> <span class='ocrx_word' id='word_1_52' title='bbox 521 1051 601 1132; x_wconf 76' lang='grc' dir='ltr'><strong><em>θεὸς</em></strong></span> <span class='ocrx_word' id='word_1_53' title='bbox 624 1045 686 1140; x_wconf 80' lang='grc' dir='ltr'><strong>γὰρ</strong></span> <span class='ocrx_word' id='word_1_54' title='bbox 709 1049 846 1136; x_wconf 79' lang='grc' dir='ltr'><strong><em>ἐκσώζει</em></strong></span> <span class='ocrx_word' id='word_1_55' title='bbox 868 1079 922 1139; x_wconf 84' lang='grc' dir='ltr'><strong>με,</strong></span> <span class='ocrx_word' id='word_1_56' title='bbox 945 1057 1032 1140; x_wconf 78' lang='grc' dir='ltr'><strong>τῷδε</strong></span> <span class='ocrx_word' id='word_1_57' title='bbox 1055 1046 1085 1120; x_wconf 83' lang='lat' dir='ltr'><strong>d&#39;</strong></span> <span class='ocrx_word' id='word_1_58' title='bbox 1108 1055 1239 1139; x_wconf 82' lang='grc' dir='ltr'><em>οἴχομαι</em></span> <span class='ocrx_word' id='word_1_59' title='bbox 1260 1079 1354 1138; x_wconf 86' lang='lat' dir='ltr'><strong>prae·</strong></span> 
     </span>
     <span class='ocr_line' id='line_1_8' title="bbox 225 1157 1352 1240; baseline -0.004 -15"><span class='ocrx_word' id='word_1_60' title='bbox 225 1184 294 1226; x_wconf 91' lang='lat' dir='ltr'><strong>sens</strong></span> <span class='ocrx_word' id='word_1_61' title='bbox 321 1165 441 1225; x_wconf 88' lang='lat' dir='ltr'><strong>notione</strong></span> <span class='ocrx_word' id='word_1_62' title='bbox 469 1163 596 1240; x_wconf 84' lang='lat' dir='ltr'><strong>perfecti</strong></span> <span class='ocrx_word' id='word_1_63' title='bbox 626 1169 803 1240; x_wconf 89' lang='lat' dir='ltr'><strong>usurpatum</strong></span> <span class='ocrx_word' id='word_1_64' title='bbox 827 1168 884 1240; x_wconf 87' lang='lat' dir='ltr'><strong>est,</strong></span> <span class='ocrx_word' id='word_1_65' title='bbox 913 1164 955 1224; x_wconf 85' lang='lat' dir='ltr'><strong>ita</strong></span> <span class='ocrx_word' id='word_1_66' title='bbox 982 1165 1069 1224; x_wconf 87' lang='lat' dir='ltr'><strong>etiam</strong></span> <span class='ocrx_word' id='word_1_67' title='bbox 1097 1165 1155 1226; x_wconf 92' lang='lat' dir='ltr'><strong>hoc</strong></span> <span class='ocrx_word' id='word_1_68' title='bbox 1182 1165 1247 1224; x_wconf 87' lang='lat' dir='ltr'><strong>loeo</strong></span> <span class='ocrx_word' id='word_1_69' title='bbox 1269 1157 1352 1222; x_wconf 77' lang='grc' dir='ltr'><em>θεοὶ</em></span> 
     </span>
     <span class='ocr_line' id='line_1_9' title="bbox 226 1253 1353 1345; baseline -0.003 -18"><span class='ocrx_word' id='word_1_70' title='bbox 226 1253 372 1345; x_wconf 81' lang='grc' dir='ltr'><em>σώζουσι</em></span> <span class='ocrx_word' id='word_1_71' title='bbox 395 1266 565 1343; x_wconf 85' lang='lat' dir='ltr'><strong>significare</strong></span> <span class='ocrx_word' id='word_1_72' title='bbox 587 1272 697 1344; x_wconf 91' lang='lat' dir='ltr'><strong>potest:</strong></span> <span class='ocrx_word' id='word_1_73' title='bbox 720 1267 767 1326; x_wconf 90' lang='lat' dir='ltr'><strong>dei</strong></span> <span class='ocrx_word' id='word_1_74' title='bbox 793 1272 952 1326; x_wconf 88' lang='lat' dir='ltr'><strong>servarunt</strong></span> <span class='ocrx_word' id='word_1_75' title='bbox 975 1268 1088 1338; x_wconf 80' lang='lat' dir='ltr'><strong>urbem,</strong></span> <span class='ocrx_word' id='word_1_76' title='bbox 1111 1267 1159 1327; x_wconf 91' lang='lat' dir='ltr'><strong>dei</strong></span> <span class='ocrx_word' id='word_1_77' title='bbox 1177 1270 1353 1327; x_wconf 88' lang='lat' dir='ltr'><strong>servatores</strong></span> 
     </span>
     <span class='ocr_line' id='line_1_10' title="bbox 225 1369 1352 1447; baseline -0.003 -16"><span class='ocrx_word' id='word_1_78' title='bbox 225 1373 308 1431; x_wconf 89' lang='lat' dir='ltr'><strong>urbis</strong></span> <span class='ocrx_word' id='word_1_79' title='bbox 332 1372 518 1430; x_wconf 86' lang='lat' dir='ltr'><strong>exstiterunt.</strong></span> <span class='ocrx_word' id='word_1_80' title='bbox 563 1369 621 1430; x_wconf 87' lang='lat' dir='ltr'><strong>Sed</strong></span> <span class='ocrx_word' id='word_1_81' title='bbox 645 1370 733 1429; x_wconf 89' lang='lat' dir='ltr'><strong>etiam</strong></span> <span class='ocrx_word' id='word_1_82' title='bbox 757 1369 813 1428; x_wconf 88' lang='lat' dir='ltr'><strong>hac</strong></span> <span class='ocrx_word' id='word_1_83' title='bbox 841 1371 1089 1447; x_wconf 79' lang='lat' dir='ltr'><strong>interpretatione</strong></span> <span class='ocrx_word' id='word_1_84' title='bbox 1116 1369 1352 1446; x_wconf 81' lang='lat' dir='ltr'><strong>supersedemus</strong></span> 
     </span>
     <span class='ocr_line' id='line_1_11' title="bbox 224 1461 1349 1551; baseline -0.003 -19"><span class='ocrx_word' id='word_1_85' title='bbox 224 1475 274 1551; x_wconf 81' lang='lat' dir='ltr'><strong>ita,</strong></span> <span class='ocrx_word' id='word_1_86' title='bbox 296 1478 329 1533; x_wconf 87' lang='lat' dir='ltr'><strong>ut</strong></span> <span class='ocrx_word' id='word_1_87' title='bbox 351 1473 531 1549; x_wconf 81' lang='lat' dir='ltr'><strong>generaliter</strong></span> <span class='ocrx_word' id='word_1_88' title='bbox 553 1471 628 1531; x_wconf 93' lang='lat' dir='ltr'><strong>illud</strong></span> <span class='ocrx_word' id='word_1_89' title='bbox 651 1466 727 1529; x_wconf 68' lang='grc' dir='ltr'><em>θεοὶ</em></span> <span class='ocrx_word' id='word_1_90' title='bbox 741 1489 775 1529; x_wconf 76' lang='grc' dir='ltr'><strong>π.</strong></span> <span class='ocrx_word' id='word_1_91' title='bbox 791 1461 937 1548; x_wconf 79' lang='grc' dir='ltr'><em>σώζουσι</em></span> <span class='ocrx_word' id='word_1_92' title='bbox 953 1469 992 1531; x_wconf 87' lang='grc' dir='ltr'><strong>Π.</strong></span> <span class='ocrx_word' id='word_1_93' title='bbox 1010 1469 1043 1529; x_wconf 74' lang='grc' dir='ltr'><strong>θ.</strong></span> <span class='ocrx_word' id='word_1_94' title='bbox 1068 1492 1085 1531; x_wconf 93' lang='lat' dir='ltr'><strong>a</strong></span> <span class='ocrx_word' id='word_1_95' title='bbox 1109 1473 1213 1532; x_wconf 84' lang='lat' dir='ltr'><strong>nuntio</strong></span> <span class='ocrx_word' id='word_1_96' title='bbox 1234 1472 1349 1531; x_wconf 89' lang='lat' dir='ltr'><strong>dictum</strong></span> 
     </span>
     <span class='ocr_line' id='line_1_12' title="bbox 224 1574 1350 1652; baseline -0.003 -16"><span class='ocrx_word' id='word_1_97' title='bbox 224 1579 401 1636; x_wconf 82' lang='lat' dir='ltr'><strong>statuamus:</strong></span> <span class='ocrx_word' id='word_1_98' title='bbox 424 1576 453 1634; x_wconf 91' lang='lat' dir='ltr'><strong>in</strong></span> <span class='ocrx_word' id='word_1_99' title='bbox 485 1574 609 1634; x_wconf 90' lang='lat' dir='ltr'><strong>deorum</strong></span> <span class='ocrx_word' id='word_1_100' title='bbox 640 1575 735 1634; x_wconf 87' lang='lat' dir='ltr'><strong>tutela</strong></span> <span class='ocrx_word' id='word_1_101' title='bbox 765 1592 882 1652; x_wconf 88' lang='lat' dir='ltr'><strong>semper</strong></span> <span class='ocrx_word' id='word_1_102' title='bbox 912 1583 957 1635; x_wconf 90' lang='lat' dir='ltr'><strong>est</strong></span> <span class='ocrx_word' id='word_1_103' title='bbox 980 1576 1108 1634; x_wconf 86' lang='lat' dir='ltr'><strong>Palladis</strong></span> <span class='ocrx_word' id='word_1_104' title='bbox 1138 1576 1217 1634; x_wconf 90' lang='lat' dir='ltr'><strong>urbs.</strong></span> <span class='ocrx_word' id='word_1_105' title='bbox 1261 1574 1350 1646; x_wconf 82' lang='lat' dir='ltr'><strong>Quae</strong></span> 
     </span>
     <span class='ocr_line' id='line_1_13' title="bbox 225 1678 1351 1755; baseline -0.004 -16"><span class='ocrx_word' id='word_1_106' title='bbox 225 1681 373 1739; x_wconf 89' lang='lat' dir='ltr'><strong>sententia</strong></span> <span class='ocrx_word' id='word_1_107' title='bbox 388 1697 405 1736; x_wconf 92' lang='lat' dir='ltr'><strong>a</strong></span> <span class='ocrx_word' id='word_1_108' title='bbox 420 1683 527 1754; x_wconf 85' lang='lat' dir='ltr'><strong>poetae</strong></span> <span class='ocrx_word' id='word_1_109' title='bbox 544 1679 737 1755; x_wconf 84' lang='lat' dir='ltr'><strong>religiositate</strong></span> <span class='ocrx_word' id='word_1_110' title='bbox 754 1685 784 1737; x_wconf 93' lang='lat' dir='ltr'><strong>et</strong></span> <span class='ocrx_word' id='word_1_111' title='bbox 799 1696 873 1752; x_wconf 78' lang='lat' dir='ltr'><strong>erga</strong></span> <span class='ocrx_word' id='word_1_112' title='bbox 889 1680 1015 1755; x_wconf 89' lang='lat' dir='ltr'><strong>patriam</strong></span> <span class='ocrx_word' id='word_1_113' title='bbox 1039 1679 1149 1755; x_wconf 89' lang='lat' dir='ltr'><strong>pietate</strong></span> <span class='ocrx_word' id='word_1_114' title='bbox 1169 1683 1198 1737; x_wconf 89' lang='lat' dir='ltr'><strong>et</strong></span> <span class='ocrx_word' id='word_1_115' title='bbox 1212 1695 1230 1735; x_wconf 89' lang='lat' dir='ltr'><strong>a</strong></span> <span class='ocrx_word' id='word_1_116' title='bbox 1245 1678 1351 1751; x_wconf 87' lang='lat' dir='ltr'><strong>singu-</strong></span> 
     </span>
     <span class='ocr_line' id='line_1_14' title="bbox 223 1777 1350 1847; baseline -0.001 -7"><span class='ocrx_word' id='word_1_117' title='bbox 223 1782 279 1840; x_wconf 86' lang='lat' dir='ltr'><strong>lari</strong></span> <span class='ocrx_word' id='word_1_118' title='bbox 294 1780 412 1840; x_wconf 88' lang='lat' dir='ltr'><strong>fabulae</strong></span> <span class='ocrx_word' id='word_1_119' title='bbox 427 1777 594 1847; x_wconf 73' lang='lat' dir='ltr'><strong>oonsilio2⁸t</strong></span> <span class='ocrx_word' id='word_1_120' title='bbox 619 1781 736 1839; x_wconf 89' lang='lat' dir='ltr'><strong>minime</strong></span> <span class='ocrx_word' id='word_1_121' title='bbox 758 1785 803 1840; x_wconf 92' lang='lat' dir='ltr'><strong>est</strong></span> <span class='ocrx_word' id='word_1_122' title='bbox 818 1782 926 1840; x_wconf 88' lang='lat' dir='ltr'><strong>aliena.</strong></span> <span class='ocrx_word' id='word_1_123' title='bbox 970 1783 1046 1840; x_wconf 87' lang='lat' dir='ltr'><strong>Nam</strong></span> <span class='ocrx_word' id='word_1_124' title='bbox 1063 1782 1087 1840; x_wconf 91' lang='lat' dir='ltr'><strong>si</strong></span> <span class='ocrx_word' id='word_1_125' title='bbox 1102 1777 1207 1840; x_wconf 90' lang='lat' dir='ltr'><strong>tnm&#39;in</strong></span> <span class='ocrx_word' id='word_1_126' title='bbox 1225 1781 1350 1839; x_wconf 86' lang='lat' dir='ltr'><strong>civitate</strong></span> 
     </span>
     <span class='ocr_line' id='line_1_15' title="bbox 224 1883 1349 1960; baseline -0.003 -17"><span class='ocrx_word' id='word_1_127' title='bbox 224 1885 452 1944; x_wconf 84' lang='lat' dir='ltr'><strong>Atheniensium</strong></span> <span class='ocrx_word' id='word_1_128' title='bbox 483 1902 544 1942; x_wconf 93' lang='lat' dir='ltr'><strong>nou</strong></span> <span class='ocrx_word' id='word_1_129' title='bbox 572 1883 711 1953; x_wconf 77' lang='lat' dir='ltr'><strong>deerant,</strong></span> <span class='ocrx_word' id='word_1_130' title='bbox 740 1885 791 1959; x_wconf 93' lang='lat' dir='ltr'><strong>qui</strong></span> <span class='ocrx_word' id='word_1_131' title='bbox 815 1887 994 1960; x_wconf 87' lang='lat' dir='ltr'><strong>metuerent,</strong></span> <span class='ocrx_word' id='word_1_132' title='bbox 1025 1902 1063 1942; x_wconf 91' lang='lat' dir='ltr'><strong>ne</strong></span> <span class='ocrx_word' id='word_1_133' title='bbox 1086 1902 1165 1943; x_wconf 91' lang='lat' dir='ltr'><strong>novo</strong></span> <span class='ocrx_word' id='word_1_134' title='bbox 1186 1883 1349 1942; x_wconf 86' lang='lat' dir='ltr'><strong>Persarum</strong></span> 
     </span>
     <span class='ocr_line' id='line_1_16' title="bbox 224 1984 1348 2064; baseline -0.003 -19"><span class='ocrx_word' id='word_1_135' title='bbox 224 1988 335 2064; x_wconf 89' lang='lat' dir='ltr'><strong>impetu</strong></span> <span class='ocrx_word' id='word_1_136' title='bbox 359 1986 484 2046; x_wconf 79' lang='lat' dir='ltr'><strong>Graecia</strong></span> <span class='ocrx_word' id='word_1_137' title='bbox 514 1987 748 2062; x_wconf 87' lang='lat' dir='ltr'><strong>opprimeretur,</strong></span> <span class='ocrx_word' id='word_1_138' title='bbox 771 1985 877 2044; x_wconf 91' lang='lat' dir='ltr'><strong>horum</strong></span> <span class='ocrx_word' id='word_1_139' title='bbox 899 1987 1014 2046; x_wconf 89' lang='lat' dir='ltr'><strong>animos</strong></span> <span class='ocrx_word' id='word_1_140' title='bbox 1041 1986 1146 2044; x_wconf 90' lang='lat' dir='ltr'><strong>mirum</strong></span> <span class='ocrx_word' id='word_1_141' title='bbox 1171 1987 1200 2043; x_wconf 93' lang='lat' dir='ltr'><strong>in</strong></span> <span class='ocrx_word' id='word_1_142' title='bbox 1225 1984 1348 2043; x_wconf 90' lang='lat' dir='ltr'><strong>modum</strong></span> 
     </span>
     <span class='ocr_line' id='line_1_17' title="bbox 224 2087 1350 2166; baseline -0.003 -18"><span class='ocrx_word' id='word_1_143' title='bbox 224 2089 297 2166; x_wconf 86' lang='lat' dir='ltr'><strong>erigi</strong></span> <span class='ocrx_word' id='word_1_144' title='bbox 322 2107 444 2148; x_wconf 87' lang='lat' dir='ltr'><strong>necesse</strong></span> <span class='ocrx_word' id='word_1_145' title='bbox 467 2097 546 2163; x_wconf 88' lang='lat' dir='ltr'><strong>erat,</strong></span> <span class='ocrx_word' id='word_1_146' title='bbox 574 2107 641 2147; x_wconf 90' lang='lat' dir='ltr'><strong>cum</strong></span> <span class='ocrx_word' id='word_1_147' title='bbox 665 2088 803 2147; x_wconf 86' lang='lat' dir='ltr'><strong>audirent</strong></span> <span class='ocrx_word' id='word_1_148' title='bbox 832 2089 955 2147; x_wconf 91' lang='lat' dir='ltr'><strong>deorum</strong></span> <span class='ocrx_word' id='word_1_149' title='bbox 978 2088 1159 2164; x_wconf 88' lang='lat' dir='ltr'><strong>praesidium</strong></span> <span class='ocrx_word' id='word_1_150' title='bbox 1183 2087 1350 2146; x_wconf 90' lang='lat' dir='ltr'><strong>Athenien-</strong></span> 
     </span>
     <span class='ocr_line' id='line_1_18' title="bbox 223 2188 1350 2268; baseline -0.002 -17"><span class='ocrx_word' id='word_1_151' title='bbox 223 2192 304 2251; x_wconf 80' lang='lat' dir='ltr'><strong>sibus</strong></span> <span class='ocrx_word' id='word_1_152' title='bbox 320 2191 425 2251; x_wconf 89' lang='lat' dir='ltr'><strong>adesse</strong></span> <span class='ocrx_word' id='word_1_153' title='bbox 441 2192 652 2268; x_wconf 86' lang='lat' dir='ltr'><strong>sempiternum</strong></span> <span class='ocrx_word' id='word_1_154' title='bbox 670 2209 767 2266; x_wconf 92' lang='lat' dir='ltr'><strong>neque</strong></span> <span class='ocrx_word' id='word_1_155' title='bbox 791 2209 922 2268; x_wconf 90' lang='lat' dir='ltr'><strong>unquam</strong></span> <span class='ocrx_word' id='word_1_156' title='bbox 946 2191 1116 2251; x_wconf 85' lang='lat' dir='ltr'><strong>defuturum</strong></span> <span class='ocrx_word' id='word_1_157' title='bbox 1141 2188 1191 2263; x_wconf 85' lang='lat' dir='ltr'><strong>(ol.</strong></span> <span class='ocrx_word' id='word_1_158' title='bbox 1214 2189 1350 2250; x_wconf 86' lang='lat' dir='ltr'><strong>Sohiller.</strong></span> 
     </span>
    </p>
   </div>
   <div class='ocr_carea' id='block_1_4' title="bbox 223 2292 397 2370">
    <p class='ocr_par' dir='ltr' id='par_1_4' title="bbox 223 2292 397 2370">
     <span class='ocr_line' id='line_1_19' title="bbox 223 2292 397 2370; baseline -0.006 -17"><span class='ocrx_word' id='word_1_159' title='bbox 223 2294 241 2353; x_wconf 90' lang='lat' dir='ltr'><strong>l.</strong></span> <span class='ocrx_word' id='word_1_160' title='bbox 256 2295 274 2353; x_wconf 94' lang='lat' dir='ltr'><strong>l.</strong></span> <span class='ocrx_word' id='word_1_161' title='bbox 289 2313 318 2370; x_wconf 92' lang='lat' dir='ltr'><strong>p.</strong></span> <span class='ocrx_word' id='word_1_162' title='bbox 335 2292 397 2366; x_wconf 83' lang='lat'><strong>30).</strong></span> 
     </span>
    </p>
   </div>
   <div class='ocr_carea' id='block_1_5' title="bbox 738 2526 825 2606">
    <p class='ocr_par' dir='ltr' id='par_1_5' title="bbox 738 2526 825 2606">
     <span class='ocr_line' id='line_1_20' title="bbox 738 2526 825 2606; baseline 0.011 -1"><span class='ocrx_word' id='word_1_163' title='bbox 738 2526 825 2606; x_wconf 94' lang='grc' dir='ltr'><strong>ΙΙΙ.</strong></span> 
     </span>
    </p>
   </div>
   <div class='ocr_carea' id='block_1_6' title="bbox 197 2703 1347 3497">
    <p class='ocr_par' dir='ltr' id='par_1_6' title="bbox 223 2703 1347 2885">
     <span class='ocr_line' id='line_1_21' title="bbox 310 2703 1347 2781; baseline -0.001 -17"><span class='ocrx_word' id='word_1_164' title='bbox 310 2706 476 2781; x_wconf 85' lang='lat' dir='ltr'><strong>Hucusque</strong></span> <span class='ocrx_word' id='word_1_165' title='bbox 493 2703 642 2778; x_wconf 88' lang='lat' dir='ltr'><strong>praesenti</strong></span> <span class='ocrx_word' id='word_1_166' title='bbox 660 2705 781 2763; x_wconf 90' lang='lat' dir='ltr'><strong>notione</strong></span> <span class='ocrx_word' id='word_1_167' title='bbox 804 2703 930 2780; x_wconf 86' lang='lat' dir='ltr'><strong>perfecti</strong></span> <span class='ocrx_word' id='word_1_168' title='bbox 951 2706 1001 2763; x_wconf 89' lang='lat' dir='ltr'><strong>vel</strong></span> <span class='ocrx_word' id='word_1_169' title='bbox 1024 2705 1178 2780; x_wconf 88' lang='lat' dir='ltr'><strong>praeteriti</strong></span> <span class='ocrx_word' id='word_1_170' title='bbox 1200 2708 1347 2780; x_wconf 89' lang='lat' dir='ltr'><strong>usurpato</strong></span> 
     </span>
     <span class='ocr_line' id='line_1_22' title="bbox 223 2806 1134 2885; baseline 0 -18"><span class='ocrx_word' id='word_1_171' title='bbox 223 2809 289 2885; x_wconf 90' lang='lat' dir='ltr'><strong>ipsa</strong></span> <span class='ocrx_word' id='word_1_172' title='bbox 312 2825 389 2883; x_wconf 92' lang='lat' dir='ltr'><strong>quae</strong></span> <span class='ocrx_word' id='word_1_173' title='bbox 412 2808 504 2866; x_wconf 90' lang='lat' dir='ltr'><strong>verbo</strong></span> <span class='ocrx_word' id='word_1_174' title='bbox 528 2807 624 2866; x_wconf 90' lang='lat' dir='ltr'><strong>inerat</strong></span> <span class='ocrx_word' id='word_1_175' title='bbox 646 2807 690 2866; x_wconf 90' lang='lat' dir='ltr'><strong>vis</strong></span> <span class='ocrx_word' id='word_1_176' title='bbox 713 2826 772 2866; x_wconf 91' lang='lat' dir='ltr'><strong>non</strong></span> <span class='ocrx_word' id='word_1_177' title='bbox 797 2807 985 2866; x_wconf 81' lang='lat' dir='ltr'><strong>mediocriter</strong></span> <span class='ocrx_word' id='word_1_178' title='bbox 1007 2806 1134 2867; x_wconf 86' lang='lat' dir='ltr'><strong>favebat</strong></span> 
     </span>
    </p>

    <p class='ocr_par' dir='ltr' id='par_1_7' title="bbox 223 2909 1347 3088">
     <span class='ocr_line' id='line_1_23' title="bbox 308 2909 1347 2986; baseline 0.002 -19"><span class='ocrx_word' id='word_1_179' title='bbox 308 2910 370 2968; x_wconf 90' lang='lat' dir='ltr'><strong>Iam</strong></span> <span class='ocrx_word' id='word_1_180' title='bbox 394 2928 467 2968; x_wconf 89' lang='lat' dir='ltr'><strong>vcro</strong></span> <span class='ocrx_word' id='word_1_181' title='bbox 484 2909 521 2968; x_wconf 91' lang='lat' dir='ltr'><strong>ad</strong></span> <span class='ocrx_word' id='word_1_182' title='bbox 538 2909 760 2968; x_wconf 87' lang='lat' dir='ltr'><strong>insolentiorem</strong></span> <span class='ocrx_word' id='word_1_183' title='bbox 777 2911 943 2986; x_wconf 86' lang='lat' dir='ltr'><strong>praesentis</strong></span> <span class='ocrx_word' id='word_1_184' title='bbox 959 2910 1128 2969; x_wconf 89' lang='lat' dir='ltr'><strong>accedimus</strong></span> <span class='ocrx_word' id='word_1_185' title='bbox 1145 2928 1239 2980; x_wconf 81' lang='lat' dir='ltr'><strong>usum,</strong></span> <span class='ocrx_word' id='word_1_186' title='bbox 1261 2910 1347 2970; x_wconf 91' lang='lat' dir='ltr'><strong>cuius</strong></span> 
     </span>
     <span class='ocr_line' id='line_1_24' title="bbox 223 3011 1109 3088; baseline 0.001 -17"><span class='ocrx_word' id='word_1_187' title='bbox 223 3013 310 3071; x_wconf 90' lang='lat' dir='ltr'><strong>etiam</strong></span> <span class='ocrx_word' id='word_1_188' title='bbox 333 3013 362 3070; x_wconf 91' lang='lat' dir='ltr'><strong>in</strong></span> <span class='ocrx_word' id='word_1_189' title='bbox 387 3012 531 3087; x_wconf 85' lang='lat' dir='ltr'><strong>Aeschyli</strong></span> <span class='ocrx_word' id='word_1_190' title='bbox 554 3011 662 3071; x_wconf 88' lang='lat' dir='ltr'><strong>fabulis</strong></span> <span class='ocrx_word' id='word_1_191' title='bbox 686 3014 812 3088; x_wconf 83' lang='lat' dir='ltr'><strong>vestigia</strong></span> <span class='ocrx_word' id='word_1_192' title='bbox 835 3013 1109 3087; x_wconf 89' lang='lat' dir='ltr'><strong>deprehenduntur.</strong></span> 
     </span>
    </p>

    <p class='ocr_par' dir='ltr' id='par_1_8' title="bbox 197 3114 1346 3497">
     <span class='ocr_line' id='line_1_25' title="bbox 308 3114 1345 3191; baseline 0.001 -20"><span class='ocrx_word' id='word_1_193' title='bbox 308 3114 395 3186; x_wconf 76' lang='lat' dir='ltr'><strong>Quod</strong></span> <span class='ocrx_word' id='word_1_194' title='bbox 420 3114 496 3172; x_wconf 89' lang='lat' dir='ltr'><strong>enim</strong></span> <span class='ocrx_word' id='word_1_195' title='bbox 520 3116 628 3172; x_wconf 90' lang='lat' dir='ltr'><strong>iamin</strong></span> <span class='ocrx_word' id='word_1_196' title='bbox 653 3115 831 3173; x_wconf 88' lang='lat' dir='ltr'><strong>carminibus</strong></span> <span class='ocrx_word' id='word_1_197' title='bbox 855 3115 1020 3173; x_wconf 86' lang='lat' dir='ltr'><strong>Homericis</strong></span> <span class='ocrx_word' id='word_1_198' title='bbox 1044 3117 1182 3186; x_wconf 87' lang='lat' dir='ltr'><strong>occurrit,</strong></span> <span class='ocrx_word' id='word_1_199' title='bbox 1206 3119 1238 3174; x_wconf 93' lang='lat' dir='ltr'><strong>ut</strong></span> <span class='ocrx_word' id='word_1_200' title='bbox 1259 3134 1345 3191; x_wconf 89' lang='lat' dir='ltr'><strong>prae-</strong></span> 
     </span>
     <span class='ocr_line' id='line_1_26' title="bbox 222 3204 1346 3294; baseline 0.001 -19"><span class='ocrx_word' id='word_1_201' title='bbox 222 3217 299 3275; x_wconf 87' lang='lat' dir='ltr'><strong>senti</strong></span> <span class='ocrx_word' id='word_1_202' title='bbox 325 3204 449 3292; x_wconf 79' lang='grc' dir='ltr'><em>πάρος,</em></span> <span class='ocrx_word' id='word_1_203' title='bbox 477 3212 565 3273; x_wconf 81' lang='grc' dir='ltr'><em>ποτέ</em></span> <span class='ocrx_word' id='word_1_204' title='bbox 593 3216 711 3292; x_wconf 87' lang='lat' dir='ltr'><strong>aliaque</strong></span> <span class='ocrx_word' id='word_1_205' title='bbox 740 3218 894 3292; x_wconf 86' lang='lat' dir='ltr'><strong>praeteriti</strong></span> <span class='ocrx_word' id='word_1_206' title='bbox 925 3220 1066 3294; x_wconf 90' lang='lat' dir='ltr'><strong>temporis</strong></span> <span class='ocrx_word' id='word_1_207' title='bbox 1089 3218 1232 3278; x_wconf 87' lang='lat' dir='ltr'><strong>adverbia</strong></span> <span class='ocrx_word' id='word_1_208' title='bbox 1253 3236 1346 3294; x_wconf 89' lang='lat' dir='ltr'><strong>appo·</strong></span> 
     </span>
     <span class='ocr_line' id='line_1_27' title="bbox 222 3315 1346 3397; baseline 0.001 -20"><span class='ocrx_word' id='word_1_209' title='bbox 222 3315 391 3396; x_wconf 61' lang='lat' dir='ltr'><strong>nanturw),</strong></span> <span class='ocrx_word' id='word_1_210' title='bbox 425 3337 503 3394; x_wconf 90' lang='lat' dir='ltr'><strong>quae</strong></span> <span class='ocrx_word' id='word_1_211' title='bbox 533 3322 684 3395; x_wconf 87' lang='lat' dir='ltr'><strong>augmenti</strong></span> <span class='ocrx_word' id='word_1_212' title='bbox 720 3321 806 3394; x_wconf 89' lang='lat' dir='ltr'><strong>qnasi</strong></span> <span class='ocrx_word' id='word_1_213' title='bbox 837 3321 916 3379; x_wconf 89' lang='lat' dir='ltr'><strong>vices</strong></span> <span class='ocrx_word' id='word_1_214' title='bbox 951 3323 1121 3397; x_wconf 88' lang='lat' dir='ltr'><strong>suscepisse</strong></span> <span class='ocrx_word' id='word_1_215' title='bbox 1150 3317 1346 3390; x_wconf 79' lang='lat' dir='ltr'><strong>videntur³⁰)‚</strong></span> 
     </span>
     <span class='ocr_line' id='line_1_28' title="bbox 197 3419 1345 3497; baseline 0.002 -18"><span class='ocrx_word' id='word_1_216' title='bbox 197 3419 298 3480; x_wconf 82' lang='lat' dir='ltr'><strong>-idenr</strong></span> <span class='ocrx_word' id='word_1_217' title='bbox 322 3423 409 3479; x_wconf 91' lang='lat' dir='ltr'><strong>etiarn</strong></span> <span class='ocrx_word' id='word_1_218' title='bbox 434 3422 603 3495; x_wconf 87' lang='lat' dir='ltr'><strong>Aeschylus</strong></span> <span class='ocrx_word' id='word_1_219' title='bbox 627 3423 741 3497; x_wconf 85' lang='lat' dir='ltr'><strong>recepit</strong></span> <span class='ocrx_word' id='word_1_220' title='bbox 764 3429 793 3490; x_wconf 87' lang='lat' dir='ltr'><strong>et</strong></span> <span class='ocrx_word' id='word_1_221' title='bbox 816 3423 845 3480; x_wconf 92' lang='lat' dir='ltr'><strong>in</strong></span> <span class='ocrx_word' id='word_1_222' title='bbox 869 3440 954 3481; x_wconf 89' lang='lat' dir='ltr'><strong>suom</strong></span> <span class='ocrx_word' id='word_1_223' title='bbox 980 3441 1064 3481; x_wconf 88' lang='lat' dir='ltr'><strong>usum</strong></span> <span class='ocrx_word' id='word_1_224' title='bbox 1088 3425 1243 3482; x_wconf 87' lang='lat' dir='ltr'><strong>convortit.</strong></span> <span class='ocrx_word' id='word_1_225' title='bbox 1286 3422 1345 3481; x_wconf 82' lang='lat' dir='ltr'><strong>Sed</strong></span> 
     </span>
    </p>
   </div>
   <div class='ocr_carea' id='block_1_7' title="bbox 221 3524 1463 3714">
    <p class='ocr_par' dir='ltr' id='par_1_9' title="bbox 221 3524 1463 3714">
     <span class='ocr_line' id='line_1_29' title="bbox 221 3524 1463 3602; baseline 0.005 -20"><span class='ocrx_word' id='word_1_226' title='bbox 221 3542 319 3600; x_wconf 87' lang='lat' dir='ltr'><strong>pauca</strong></span> <span class='ocrx_word' id='word_1_227' title='bbox 342 3542 420 3599; x_wconf 94' lang='lat' dir='ltr'><strong>quae</strong></span> <span class='ocrx_word' id='word_1_228' title='bbox 443 3525 560 3582; x_wconf 85' lang='lat' dir='ltr'><strong>exstant</strong></span> <span class='ocrx_word' id='word_1_229' title='bbox 590 3524 726 3601; x_wconf 86' lang='lat' dir='ltr'><strong>exempla</strong></span> <span class='ocrx_word' id='word_1_230' title='bbox 749 3525 918 3600; x_wconf 79' lang='lat' dir='ltr'><strong>Aeschyleo</strong></span> <span class='ocrx_word' id='word_1_231' title='bbox 941 3543 1030 3600; x_wconf 88' lang='lat' dir='ltr'><strong>quarn</strong></span> <span class='ocrx_word' id='word_1_232' title='bbox 1055 3528 1203 3602; x_wconf 86' lang='lat' dir='ltr'><strong>angustis,</strong></span> <span class='ocrx_word' id='word_1_233' title='bbox 1237 3531 1268 3584; x_wconf 93' lang='lat' dir='ltr'><strong>ut</strong></span> <span class='ocrx_word' id='word_1_234' title='bbox 1290 3543 1346 3600; x_wconf 89' lang='lat' dir='ltr'><strong>par</strong></span> <span class='ocrx_word' id='word_1_235' title='bbox 1462 3583 1463 3588; x_wconf 73' lang='grc'>,</span> 
     </span>
     <span class='ocr_line' id='line_1_30' title="bbox 222 3625 1463 3714; baseline 0.001 -30"><span class='ocrx_word' id='word_1_236' title='bbox 222 3631 274 3696; x_wconf 72' lang='lat' dir='ltr'><strong>est</strong></span> <span class='ocrx_word' id='word_1_237' title='bbox 297 3625 403 3684; x_wconf 88' lang='lat' dir='ltr'><strong>finibus</strong></span> <span class='ocrx_word' id='word_1_238' title='bbox 427 3627 548 3686; x_wconf 88' lang='lat' dir='ltr'><strong>liberior</strong></span> <span class='ocrx_word' id='word_1_239' title='bbox 571 3626 643 3684; x_wconf 83' lang='lat' dir='ltr'><strong>haec</strong></span> <span class='ocrx_word' id='word_1_240' title='bbox 664 3626 783 3686; x_wconf 87' lang='lat' dir='ltr'><strong>dicendi</strong></span> <span class='ocrx_word' id='word_1_241' title='bbox 805 3629 881 3687; x_wconf 88' lang='lat' dir='ltr'><strong>ratio</strong></span> <span class='ocrx_word' id='word_1_242' title='bbox 905 3630 1095 3687; x_wconf 88' lang='lat' dir='ltr'><strong>contineatur</strong></span> <span class='ocrx_word' id='word_1_243' title='bbox 1111 3635 1214 3705; x_wconf 90' lang='lat' dir='ltr'><strong>aperte</strong></span> <span class='ocrx_word' id='word_1_244' title='bbox 1230 3627 1347 3687; x_wconf 86' lang='lat' dir='ltr'><strong>docent.</strong></span> <span class='ocrx_word' id='word_1_245' title='bbox 1462 3693 1463 3714; x_wconf 21' lang='lat' dir='ltr'>E</span> 
     </span>
    </p>
   </div>
   <div class='ocr_carea' id='block_1_8' title="bbox 306 3728 1347 3808">
    <p class='ocr_par' dir='ltr' id='par_1_10' title="bbox 306 3728 1347 3808">
     <span class='ocr_line' id='line_1_31' title="bbox 306 3728 1347 3808; baseline 0.002 -22"><span class='ocrx_word' id='word_1_246' title='bbox 306 3729 436 3787; x_wconf 90' lang='lat' dir='ltr'><strong>Primum</strong></span> <span class='ocrx_word' id='word_1_247' title='bbox 460 3728 619 3804; x_wconf 87' lang='lat' dir='ltr'><strong>adverbia,</strong></span> <span class='ocrx_word' id='word_1_248' title='bbox 642 3746 719 3802; x_wconf 91' lang='lat' dir='ltr'><strong>quae</strong></span> <span class='ocrx_word' id='word_1_249' title='bbox 743 3735 954 3808; x_wconf 89' lang='lat' dir='ltr'><strong>apponuntur,</strong></span> <span class='ocrx_word' id='word_1_250' title='bbox 985 3731 1048 3789; x_wconf 92' lang='lat' dir='ltr'><strong>eius</strong></span> <span class='ocrx_word' id='word_1_251' title='bbox 1071 3732 1190 3806; x_wconf 87' lang='lat' dir='ltr'><strong>generis</strong></span> <span class='ocrx_word' id='word_1_252' title='bbox 1212 3733 1291 3807; x_wconf 89' lang='lat' dir='ltr'><strong>sunt,</strong></span> <span class='ocrx_word' id='word_1_253' title='bbox 1313 3733 1347 3788; x_wconf 90' lang='lat' dir='ltr'><strong>ut</strong></span> 
     </span>
    </p>
   </div>
   <div class='ocr_carea' id='block_1_9' title="bbox 221 3861 424 3868">
    <p class='ocr_par' dir='ltr' id='par_1_11' title="bbox 221 3861 424 3868">
     <span class='ocr_line' id='line_1_32' title="bbox 221 3861 424 3868; baseline 0 0"><span class='ocrx_word' id='word_1_254' title='bbox 221 3861 424 3868; x_wconf 68' lang='lat'><strong>——-—-—-—-.</strong></span> 
     </span>
    </p>
   </div>
   <div class='ocr_carea' id='block_1_10' title="bbox 220 3923 1347 4420">
    <p class='ocr_par' dir='ltr' id='par_1_12' title="bbox 221 3923 1347 4079">
     <span class='ocr_line' id='line_1_33' title="bbox 306 3923 1347 3994; baseline 0.003 -17"><span class='ocrx_word' id='word_1_255' title='bbox 306 3927 341 3990; x_wconf 76' lang='lat' dir='ltr'><strong>m)</strong></span> <span class='ocrx_word' id='word_1_256' title='bbox 359 3923 400 3977; x_wconf 82' lang='lat' dir='ltr'><strong>of.</strong></span> <span class='ocrx_word' id='word_1_257' title='bbox 419 3923 527 3978; x_wconf 80' lang='lat' dir='ltr'><strong>Teuffel</strong></span> <span class='ocrx_word' id='word_1_258' title='bbox 553 3925 581 3978; x_wconf 93' lang='lat' dir='ltr'><strong>in</strong></span> <span class='ocrx_word' id='word_1_259' title='bbox 609 3924 695 3993; x_wconf 86' lang='lat' dir='ltr'><strong>praef.</strong></span> <span class='ocrx_word' id='word_1_260' title='bbox 720 3925 785 3980; x_wconf 90' lang='lat' dir='ltr'><strong>edit.</strong></span> <span class='ocrx_word' id='word_1_261' title='bbox 810 3925 956 3980; x_wconf 89' lang='lat' dir='ltr'><strong>Persarum</strong></span> <span class='ocrx_word' id='word_1_262' title='bbox 979 3944 1005 3994; x_wconf 92' lang='lat' dir='ltr'><strong>p.</strong></span> <span class='ocrx_word' id='word_1_263' title='bbox 1025 3931 1039 3980; x_wconf 86' lang='lat'>5</span> <span class='ocrx_word' id='word_1_264' title='bbox 1060 3942 1118 3994; x_wconf 89' lang='lat' dir='ltr'><strong>seq.</strong></span> <span class='ocrx_word' id='word_1_265' title='bbox 1162 3926 1279 3981; x_wconf 86' lang='lat' dir='ltr'><strong>Schiller</strong></span> <span class='ocrx_word' id='word_1_266' title='bbox 1302 3927 1347 3980; x_wconf 88' lang='lat' dir='ltr'><strong>ed·</strong></span> 
     </span>
     <span class='ocr_line' id='line_1_34' title="bbox 221 4009 794 4079; baseline -0.002 -15"><span class='ocrx_word' id='word_1_267' title='bbox 221 4011 296 4064; x_wconf 86' lang='lat' dir='ltr'><strong>Pers.</strong></span> <span class='ocrx_word' id='word_1_268' title='bbox 315 4009 400 4078; x_wconf 87' lang='lat' dir='ltr'><strong>praet&#39;.</strong></span> <span class='ocrx_word' id='word_1_269' title='bbox 419 4025 446 4076; x_wconf 91' lang='lat' dir='ltr'><strong>p.</strong></span> <span class='ocrx_word' id='word_1_270' title='bbox 462 4014 490 4062; x_wconf 75' lang='lat' dir='ltr'><strong>tl</strong></span> <span class='ocrx_word' id='word_1_271' title='bbox 510 4025 588 4078; x_wconf 90' lang='lat' dir='ltr'><strong>seqq.</strong></span> <span class='ocrx_word' id='word_1_272' title='bbox 608 4014 636 4064; x_wconf 90' lang='lat' dir='ltr'><strong>et</strong></span> <span class='ocrx_word' id='word_1_273' title='bbox 655 4027 681 4079; x_wconf 91' lang='lat' dir='ltr'><strong>p.</strong></span> <span class='ocrx_word' id='word_1_274' title='bbox 696 4014 794 4079; x_wconf 81' lang='lat' dir='ltr'><strong>29seq.</strong></span> 
     </span>
    </p>

    <p class='ocr_par' dir='ltr' id='par_1_13' title="bbox 220 4090 1346 4336">
     <span class='ocr_line' id='line_1_35' title="bbox 306 4090 1345 4168; baseline 0.002 -20"><span class='ocrx_word' id='word_1_275' title='bbox 306 4097 340 4158; x_wconf 80' lang='lat'><strong>²⁰)</strong></span> <span class='ocrx_word' id='word_1_276' title='bbox 358 4094 458 4165; x_wconf 87' lang='lat' dir='ltr'><strong>Odyss.</strong></span> <span class='ocrx_word' id='word_1_277' title='bbox 477 4115 502 4162; x_wconf 84' lang='lat' dir='ltr'><strong>q,</strong></span> <span class='ocrx_word' id='word_1_278' title='bbox 521 4099 578 4149; x_wconf 76' lang='grc'>201.</span> <span class='ocrx_word' id='word_1_279' title='bbox 598 4091 654 4150; x_wconf 77' lang='grc' dir='ltr'><strong>αἰεὶ</strong></span> <span class='ocrx_word' id='word_1_280' title='bbox 672 4090 729 4166; x_wconf 82' lang='grc' dir='ltr'><strong>γὰρ</strong></span> <span class='ocrx_word' id='word_1_281' title='bbox 748 4093 780 4150; x_wconf 82' lang='grc' dir='ltr'><strong>τὸ</strong></span> <span class='ocrx_word' id='word_1_282' title='bbox 799 4092 892 4166; x_wconf 80' lang='grc' dir='ltr'><em>πάρος</em></span> <span class='ocrx_word' id='word_1_283' title='bbox 904 4115 938 4166; x_wconf 80' lang='grc' dir='ltr'><strong>γε</strong></span> <span class='ocrx_word' id='word_1_284' title='bbox 953 4094 1020 4150; x_wconf 69' lang='grc' dir='ltr'><em>θεοὶ</em></span> <span class='ocrx_word' id='word_1_285' title='bbox 1039 4095 1190 4167; x_wconf 78' lang='grc' dir='ltr'><strong><em>φαίνονται</em></strong></span> <span class='ocrx_word' id='word_1_286' title='bbox 1205 4092 1345 4168; x_wconf 73' lang='grc' dir='ltr'><strong><em>ἐναργεῖς.</em></strong></span> 
     </span>
     <span class='ocr_line' id='line_1_36' title="bbox 220 4175 1346 4250; baseline 0.003 -17"><span class='ocrx_word' id='word_1_287' title='bbox 220 4175 256 4234; x_wconf 85' lang='lat' dir='ltr'><strong>cf.</strong></span> <span class='ocrx_word' id='word_1_288' title='bbox 278 4181 317 4248; x_wconf 88' lang='lat' dir='ltr'><strong>M,</strong></span> <span class='ocrx_word' id='word_1_289' title='bbox 337 4181 439 4248; x_wconf 71' lang='lat' dir='ltr'><strong>tltltt.</strong></span> <span class='ocrx_word' id='word_1_290' title='bbox 466 4181 495 4233; x_wconf 86' lang='grc' dir='ltr'>Σ</span> <span class='ocrx_word' id='word_1_291' title='bbox 511 4183 568 4234; x_wconf 82' lang='grc'><strong>386.</strong></span> <span class='ocrx_word' id='word_1_292' title='bbox 586 4175 679 4250; x_wconf 80' lang='grc' dir='ltr'><em>πάρος</em></span> <span class='ocrx_word' id='word_1_293' title='bbox 701 4199 735 4250; x_wconf 84' lang='grc' dir='ltr'><strong>γε</strong></span> <span class='ocrx_word' id='word_1_294' title='bbox 753 4179 808 4249; x_wconf 74' lang='grc' dir='ltr'><strong>μὲν</strong></span> <span class='ocrx_word' id='word_1_295' title='bbox 826 4176 889 4236; x_wconf 77' lang='grc' dir='ltr'><em>οὔτι</em></span> <span class='ocrx_word' id='word_1_296' title='bbox 909 4179 1050 4249; x_wconf 75' lang='grc' dir='ltr'><strong><em>θαμίζεις.</em></strong></span> <span class='ocrx_word' id='word_1_297' title='bbox 1075 4183 1104 4246; x_wconf 81' lang='grc' dir='ltr'><strong>Δ,</strong></span> <span class='ocrx_word' id='word_1_298' title='bbox 1124 4179 1346 4236; x_wconf 62' lang='lat' dir='ltr'><strong>attollitur.</strong></span> 
     </span>
     <span class='ocr_line' id='line_1_37' title="bbox 221 4265 1239 4336; baseline 0.004 -18"><span class='ocrx_word' id='word_1_299' title='bbox 221 4265 255 4333; x_wconf 87' lang='grc' dir='ltr'><strong>Π,</strong></span> <span class='ocrx_word' id='word_1_300' title='bbox 271 4270 291 4319; x_wconf 85' lang='grc'><strong>1.</strong></span> <span class='ocrx_word' id='word_1_301' title='bbox 310 4281 337 4333; x_wconf 90' lang='lat' dir='ltr'><strong>p.</strong></span> <span class='ocrx_word' id='word_1_302' title='bbox 354 4269 408 4319; x_wconf 78' lang='lat'><strong>117.</strong></span> <span class='ocrx_word' id='word_1_303' title='bbox 445 4265 556 4334; x_wconf 84' lang='lat' dir='ltr'><strong>Krliger</strong></span> <span class='ocrx_word' id='word_1_304' title='bbox 576 4267 608 4319; x_wconf 90' lang='lat' dir='ltr'><strong>D.</strong></span> <span class='ocrx_word' id='word_1_305' title='bbox 628 4271 669 4332; x_wconf 82' lang='lat'><strong>53,</strong></span> <span class='ocrx_word' id='word_1_306' title='bbox 684 4271 705 4333; x_wconf 87' lang='lat'><strong>1,</strong></span> <span class='ocrx_word' id='word_1_307' title='bbox 723 4273 743 4320; x_wconf 90' lang='lat'><strong>1.</strong></span> <span class='ocrx_word' id='word_1_308' title='bbox 780 4266 950 4322; x_wconf 83' lang='lat' dir='ltr'><strong>Schmalleld</strong></span> <span class='ocrx_word' id='word_1_309' title='bbox 968 4268 985 4320; x_wconf 92' lang='lat' dir='ltr'><strong>l.</strong></span> <span class='ocrx_word' id='word_1_310' title='bbox 1000 4270 1015 4322; x_wconf 94' lang='lat' dir='ltr'><strong>l.</strong></span> <span class='ocrx_word' id='word_1_311' title='bbox 1034 4269 1102 4336; x_wconf 56' lang='lat'><strong>§52</strong></span> <span class='ocrx_word' id='word_1_312' title='bbox 1116 4274 1139 4321; x_wconf 82' lang='grc'><strong>3.</strong></span> <span class='ocrx_word' id='word_1_313' title='bbox 1159 4284 1184 4336; x_wconf 94' lang='lat' dir='ltr'><strong>p.</strong></span> <span class='ocrx_word' id='word_1_314' title='bbox 1199 4271 1239 4322; x_wconf 82' lang='grc'><strong>88.</strong></span> 
     </span>
    </p>

    <p class='ocr_par' dir='ltr' id='par_1_14' title="bbox 305 4350 681 4420">
     <span class='ocr_line' id='line_1_38' title="bbox 305 4350 681 4420; baseline 0.005 -17"><span class='ocrx_word' id='word_1_315' title='bbox 305 4354 340 4418; x_wconf 70' lang='lat'><strong>³⁰)</strong></span> <span class='ocrx_word' id='word_1_316' title='bbox 359 4350 517 4404; x_wconf 86' lang='lat' dir='ltr'><strong>Kohlmann</strong></span> <span class='ocrx_word' id='word_1_317' title='bbox 535 4350 552 4405; x_wconf 93' lang='lat' dir='ltr'><strong>l.</strong></span> <span class='ocrx_word' id='word_1_318' title='bbox 566 4352 583 4405; x_wconf 92' lang='lat' dir='ltr'><strong>l.</strong></span> <span class='ocrx_word' id='word_1_319' title='bbox 601 4368 627 4420; x_wconf 92' lang='lat' dir='ltr'><strong>p.</strong></span> <span class='ocrx_word' id='word_1_320' title='bbox 641 4356 681 4406; x_wconf 83' lang='lat'><strong>30.</strong></span> 
     </span>
    </p>
   </div>
   <div class='ocr_carea' id='block_1_11' title="bbox 0 0 1474 4846">
    <p class='ocr_par' dir='ltr' id='par_1_15' title="bbox 0 0 1474 4846">
     <span class='ocr_line' id='line_1_39' title="bbox 0 0 1474 4846; baseline 0 2"><span class='ocrx_word' id='word_1_321' title='bbox 0 0 1474 4846; x_wconf 95' lang='lat' dir='ltr'><strong> </strong></span> 
     </span>
    </p>
   </div>
  </div>
 </body>
</html>
