2938 4846
225 379 268 441 32

224 553 344 630 quidem
372 553 409 613 ad
439 558 507 614 v.2
537 554 611 612 hacc
641 552 811 611 adnotavit:
845 542 1012 632 Πίνδαρός
1044 565 1123 633 φησι
1153 543 1239 632 πρὸς
1268 548 1344 626 βίαν

224 650 388 734 κρατῆσαι
417 651 556 724 Πυθοῦς
597 643 659 712 τὸν
699 637 908 712 Ἀπόλλωνα·
955 644 1006 713 did
1043 649 1099 712 καὶ
1133 649 1345 734 ταρταρώσαι

225 742 330 815 αὐτὸν
352 741 458 834 ἐζήτει
481 744 500 835 ἡ
524 751 586 834 Γῆ.
626 757 684 815 lam
708 756 850 831 expedita
872 761 918 815 est
940 776 996 817 res.
1033 759 1111 817 Nam
1134 760 1159 817 si
1181 776 1252 818 vere
1271 757 1344 817 haee

225 860 388 920 scholiasta
403 859 567 937 contendit,
586 859 768 935 Aeschylum
784 857 908 918 Pindari
924 860 1091 936 corrigendi
1108 860 1207 920 studio
1224 861 1344 919 ductum

225 963 300 1023 haec
322 963 493 1022 accuratius
517 969 663 1022 tractasse
679 966 813 1038 apparet,
829 966 859 1020 et
873 980 1016 1037 praesens
1031 963 1100 1022 hist.
1115 967 1230 1023 tantum
1253 962 1345 1037 abest,

225 1073 258 1124 ut
280 1066 317 1124 ab
341 1065 398 1124 hoc
421 1063 520 1124 studio
544 1064 674 1123 alienum
696 1063 742 1140 sit,
765 1068 798 1122 ut
814 1065 892 1122 ultro
909 1082 946 1123 ex
962 1083 997 1124 eo
1013 1065 1184 1124 redundare
1200 1065 1345 1124 videatur.

223 1169 331 1245 Itaque
345 1167 419 1244 ipsis
434 1166 492 1226 illis
507 1166 715 1244 praesentibus
732 1165 956 1244 confirmantus,
968 1185 1046 1244 quae
1059 1167 1093 1228 G.
1105 1169 1295 1227 Hermannus
1304 1164 1344 1232 4⁴)

225 1274 255 1330 et
278 1269 420 1330 audacius
442 1268 476 1330 0.
501 1268 661 1328 Muellerus
670 1265 709 1340 ⁴⁵)
732 1267 770 1327 de
792 1267 850 1328 hoc
873 1269 939 1328 loco
962 1272 1142 1330 statuerunt

310 1372 443 1432 Tandem
473 1373 503 1429 in
534 1372 667 1431 oratioue
697 1389 752 1446 pro
776 1370 883 1432 Oreste
914 1373 944 1430 in
975 1389 1089 1432 summo
1120 1390 1222 1432 rernm
1245 1370 1345 1430 discri-

226 1476 302 1534 mine
332 1475 434 1534 habita
464 1472 570 1549 Apollo
600 1472 701 1532 caedis
731 1473 992 1550 Agamemnoneae
1028 1476 1196 1534 memoriam
1228 1474 1345 1550 repetit,

225 1584 258 1636 ut
280 1595 394 1636 omnem
426 1594 528 1636 eorum
559 1576 611 1652 qui
636 1576 666 1634 in
696 1575 837 1635 iudicium
868 1577 966 1636 vocati
994 1585 1066 1637 sunt
1086 1579 1160 1636 iram
1184 1577 1295 1636 excitet
1316 1581 1347 1635 et

226 1680 441 1756 Clytemestrae
477 1678 576 1739 odium
616 1677 650 1737 iis
686 1679 787 1737 iniciat
832 1698 921 1754 quam
968 1680 1258 1738 vehementissimum
1296 1676 1345 1745 (ci.

225 1802 252 1841 v.
275 1785 335 1843 638
349 1778 414 1857 sq-l.
459 1781 511 1842 Oui
536 1781 661 1840 consilio
685 1782 796 1864 optime
820 1780 981 1857 respondet
1003 1799 1147 1857 praesens
1163 1781 1345 1841 historicum.

531 1868 614 1941 κάπὶ
636 1875 772 1961 τέρματι

480 1982 586 2062 φᾶρος
609 1974 868 2065 παρεσκήνωσευ
889 1985 921 2059 (l)
943 1970 980 2044 ἓν
1002 1970 1032 2045 δ’
1044 1970 1201 2065 ἀτέρμονι

225 2111 254 2150 v.
277 2094 347 2152 635.
475 2077 594 2146 κόπτει
616 2071 774 2164 πεδήσασ’
796 2074 903 2166 ἄνδρα
926 2077 1074 2167 δαιδάλῳ
1095 2081 1224 2166 πέπλῳ.

312 2193 537 2269 Clytemestram
562 2192 641 2250 iusta
663 2195 757 2250 morte
781 2191 901 2250 sceleris
924 2193 1068 2251 commissi
1093 2209 1206 2270 poenas
1228 2190 1346 2251 dedisse

226 2315 261 2356 eo
292 2295 407 2355 facilius
437 2294 550 2354 iudices
580 2293 634 2353 sibi
666 2293 907 2371 persuadebunt,
937 2312 997 2370 quo
1028 2296 1154 2355 altrcrior
1181 2299 1210 2354 et
1240 2293 1346 2353 clarior

226 2399 319 2475 ipsius
342 2396 486 2457 facinoris
509 2397 606 2456 animo
630 2399 807 2456 observatur
829 2397 935 2473 imago.

311 2501 372 2559 lam
397 2499 523 2574 cognitis
546 2499 670 2572 singulis
693 2497 765 2557 loeis
788 2497 869 2569 fines,
892 2498 999 2573 quibus
1022 2500 1191 2574 praesentis
1214 2497 1345 2558 historici

226 2621 298 2662 usus
321 2600 510 2661 contineatur
533 2601 714 2659 constituere
737 2601 814 2660 licet.

310 2704 356 2763 Ac
385 2703 512 2780 primum
544 2702 664 2778 quidem
692 2703 722 2761 in
750 2702 892 2762 trimetris
923 2703 1102 2781 plerumque
1133 2704 1198 2764 eius
1229 2704 1348 2780 generis

225 2807 396 2884 praeseutia
426 2824 587 2865 occurrere
616 2810 848 2866 consentaneum
879 2813 932 2866 est.
983 2807 1143 2866 Rarissimc
1172 2809 1202 2866 in
1235 2808 1347 2866 melicis

226 2909 414 2982 carminibus,
438 2908 549 2986 quippe
572 2926 650 2985 quae
674 2909 816 2968 narrandi
840 2909 937 2970 locum
961 2909 1034 2971 dare
1057 2928 1116 2970 non
1144 2910 1274 2983 soleant,
1304 2911 1348 2969 in·

225 3012 403 3082 veniuntur,
434 3019 466 3070 nt
497 3013 526 3071 iu
556 3012 670 3088 paredo
692 3013 851 3071 Persarum
881 3017 911 3071 et
941 3013 970 3071 in
1000 3013 1117 3072 cantico
1139 3012 1190 3072 illo
1214 3012 1295 3088 qnod
1316 3013 1347 3070 in

226 3114 400 3190 Supplicem
424 3114 527 3174 fabula
550 3118 641 3174 extat.

310 3219 417 3293 Neque
449 3217 545 3276 minus
575 3222 807 3276 consentancum
838 3220 900 3293 est,
931 3217 954 3276 si
978 3219 1199 3278 enuntiatorum
1222 3217 1348 3276 formam

225 3321 417 3396 respicimus,
455 3320 545 3394 longe
574 3318 703 3395 plurima
742 3319 911 3395 praesentia
949 3319 1091 3380 historica
1129 3321 1158 3379 in
1193 3319 1350 3378 sententiis

226 3421 442 3498 principalibus
465 3421 608 3498 inveniri,
631 3439 706 3499 quae
728 3421 886 3497 particulis
909 3422 1099 3497 paratacticis
1121 3439 1175 3494 cs,
1198 3414 1272 3493 xci,
1303 3412 1349 3492 δὲ,

227 3525 460 3601 coniunguntur.
507 3523 614 3582 Rarius
644 3523 825 3582 secundaria
854 3524 1002 3583 sententia
1032 3543 1050 3582 a
1081 3523 1235 3600 temporali
1258 3525 1349 3600 parti-

312 3738 348 3803 “)
365 3733 407 3791 ef.
425 3736 574 3791 Hermann.
592 3737 671 3790 Eum.
689 3753 716 3790 v.
729 3740 752 3790 5.

313 3824 347 3887 ⁴⁵)
365 3820 415 3875 0d.
439 3821 531 3876 Muell.
549 3823 628 3876 Eum.
651 3837 678 3890 p.
700 3825 755 3875 183.
802 3822 849 3884 ,In
874 3821 937 3875 dem
955 3821 1213 3890 Erdffuungsgebet
1230 3822 1280 3877 der
1297 3823 1351 3892 Py-

227 3906 300 3960 thias
318 3903 439 3974 verfolgt
459 3906 584 3974 zugleich
598 3904 757 3976 Aeschylus
775 3906 820 3958 die
834 3906 1065 3960 unverkennbare
1079 3906 1207 3975 Absicht,
1225 3923 1276 3962 aus
1294 3908 1351 3962 den

227 3991 318 4060 Sagen
341 4006 397 4046 von
421 3991 471 4045 der
494 3990 652 4058 Grtindung
677 3990 726 4044 des
751 3988 918 4058 Pythischen
943 3990 1060 4044 Orakels
1083 3991 1140 4046 und
1163 3991 1266 4048 dessen
1290 4008 1352 4048 ver·

228 4075 397 4131 schiedenen
419 4075 563 4130 Besitnern
587 4076 658 4130 allen
683 4075 770 4128 Streit
791 4077 849 4129 uod
874 4075 966 4129 Hader
985 4093 1019 4129 nn
1039 4074 1199 4143 entferuen,
1218 4077 1351 4132 wibrend

221 4162 331 4215 Pindar
350 4201 356 4213 .
375 4199 381 4214 .
400 4201 406 4213 .
425 4199 432 4213 .
451 4160 504 4214 den
530 4160 634 4228 Kampl'
656 4160 704 4213 der
730 4160 802 4214 Erde
826 4160 876 4212 mit
900 4161 961 4214 dem
987 4157 1111 4229 Apollon
1137 4177 1167 4216 so
1193 4161 1282 4231 heltig
1304 4177 1352 4230 gc-

228 4245 361 4300 schildent
378 4244 461 4313 hatte,
480 4245 545 4299 dass
564 4246 609 4299 die
623 4245 696 4298 Eudo
709 4245 754 4298 ihn
775 4245 802 4298 in
818 4245 870 4299 dcn
885 4245 1016 4300 'l'artsros
1035 4263 1069 4300 au
1088 4252 1198 4300 stossen
1218 4247 1353 4302 versocht

229 4329 318 4385 haben
337 4329 432 4386 sollte“
451 4340 503 4385 etc.
