2938 4846
1207 392 1245 453 19

121 561 182 637 plia
203 561 276 620 satis
305 562 482 638 intelligitur
514 562 662 623 Keclrium
699 582 804 640 parum
842 567 922 623 recte
961 564 1142 624 contendere
1169 565 1243 624 illud

120 657 207 740 πρὶν
244 648 294 722 ὤν
328 683 388 725 neu
426 682 516 742 posse
551 664 732 741 significare:
766 667 791 724 is
827 667 879 742 qui
910 663 1028 736 suit³²);
1065 666 1138 725 nihil
1168 669 1245 727 enim

121 766 226 825 differt
254 766 311 827 hcc
340 761 423 846 πρὶν
451 753 500 825 ὢν
531 768 568 828 ab
598 769 665 846 illo,
700 768 781 858 quod
818 786 911 845 supra
946 769 1114 830 attulimus:
1151 755 1246 840 ὄντες

122 857 276 945 ἔχθιστοι
297 858 337 928 τὸ
352 863 435 949 πρίν
456 871 484 929 h.
500 888 525 930 e.
548 862 582 927 οἳ
596 861 746 946 ἔχθιστοι
760 861 848 948 ἦσαν
861 855 902 928 τὸ
921 864 1010 948 πρίν.
1056 873 1245 932 Hermannus

122 969 262 1046 quidem,
285 973 337 1050 qni
360 959 550 1034 scribendum
572 976 675 1050 putat:
698 956 740 1030 ου’
763 966 929 1048 λελέξεται
949 966 1032 1051 πρὶν
1061 960 1127 1045 ὥν,
1157 975 1246 1033 vertit

122 1073 184 1132 hcc
201 1059 302 1135 modo:
329 1093 454 1154 ,neque
471 1077 522 1153 qui
537 1081 627 1137 antea
641 1081 750 1153 potens
766 1081 838 1153 erat,
861 1095 921 1136 non
938 1073 1185 1136 dicetu1·fuisae.“
1203 1107 1246 1115 —

213 1192 273 1254 Sed
302 1194 399 1272 quid?
428 1196 579 1274 participii
610 1197 776 1272 praesentis
806 1195 913 1256 Gracci
941 1214 1041 1256 nonne
1070 1196 1173 1256 cadem
1201 1201 1247 1256 est

122 1294 263 1356 condicio
285 1305 376 1374 atque
398 1297 519 1358 Latini?
563 1299 593 1359 Si
619 1299 739 1375 quidem
762 1317 866 1358 verum
888 1301 1058 1375 spectantes
1079 1299 1247 1359 accuratius

123 1400 308 1476 quaerimus,
330 1401 359 1459 in
384 1419 419 1460 ec
441 1402 624 1462 conveniunt
646 1406 675 1461 et
689 1401 829 1460 Latinum
852 1403 882 1460 et
897 1399 1042 1460 Graecum
1059 1401 1246 1479 participium

123 1503 308 1579 praesentis,
337 1502 419 1580 qnod
441 1504 579 1581 neglecta
602 1505 744 1582 temporis
767 1504 889 1564 notione
912 1504 1057 1564 actionem
1079 1503 1248 1580 significant

123 1603 347 1681 imperfectam
381 1611 412 1667 at
439 1625 513 1668 vero
542 1607 632 1684 plane
662 1606 805 1667 differunt
835 1624 899 1666 usn.
930 1638 971 1644 -
1002 1605 1093 1683 Apud
1123 1607 1248 1668 Latinos

124 1708 207 1768 enim
238 1708 426 1786 participium
458 1711 625 1787 praesentis
655 1711 801 1769 actionem
833 1709 982 1786 significat
1012 1711 1076 1768 eius
1098 1710 1249 1787 temporis,

125 1810 211 1887 quod
251 1811 344 1872 verbo
386 1813 434 1872 cui
463 1813 652 1889 participium
683 1812 832 1873 adiectum
862 1816 908 1871 est
945 1812 1101 1872 indicatur.
1156 1811 1246 1888 Apud

5 1897 6 1932 ³
125 1913 262 1974 Graecos
299 1933 371 1974 vero
410 1915 488 1974 idem
522 1915 711 1991 participium
747 1914 894 1975 actionem
925 1914 1044 1990 quidem
1074 1932 1247 1990 permanen-

5 1993 6 2074 i
124 2021 187 2075 tem
223 2021 253 2076 et
287 2016 384 2094 ipsum
414 2017 577 2095 significat,
615 2017 665 2078 illa
693 2021 792 2078 autem
823 2016 901 2077 actio
946 2035 1004 2093 quc
1034 2019 1167 2094 tempore
1197 2034 1247 2092 po·

5 2191 6 2194 ,
127 2118 230 2178 nenda
259 2120 311 2196 sit,
343 2139 404 2180 nen
433 2138 551 2198 semper
579 2139 616 2180 ex
648 2139 699 2192 eo,
736 2121 784 2180 cui
814 2118 1005 2198 participium
1033 2119 1165 2180 additum
1195 2121 1248 2189 est,

126 2221 237 2292 verbo,
275 2222 328 2282 sed
355 2227 413 2306 aut
437 2242 474 2284 ex
512 2223 722 2284 additamentis
754 2222 982 2299 temporalibus,
1019 2224 1052 2280 nt
1085 2209 1249 2299 πρόσθεν,

126 2313 298 2402 πρότερον
333 2325 537 2404 similibusque
575 2325 726 2385 adverbiis
760 2326 809 2384 vel
838 2323 1048 2402 substantivis,
1078 2324 1109 2383 in
1140 2323 1249 2401 quibus

127 2425 279 2505 quaedam
309 2429 451 2504 temporis
474 2429 554 2489 notio
577 2429 669 2504 inest,
699 2433 750 2487 aut
773 2427 823 2487 ubi
843 2427 896 2486 illa
918 2426 1121 2487 additamenta
1142 2426 1252 2486 absunt

126 2549 165 2589 ex
191 2548 308 2590 conexu
332 2532 547 2592 sententiarum
570 2531 768 2608 cognoscitur.
811 2530 884 2590 Tria
911 2530 1003 2607 igitur
1024 2528 1095 2589 inde
1117 2528 1250 2605 proficia-

125 2637 240 2693 cuntnr
262 2651 335 2693 usns
356 2652 485 2710 genera,
516 2652 594 2711 qnae
617 2635 763 2710 exemplis
785 2634 936 2693 illustrare
959 2633 1053 2691 liceat
1096 2631 1142 2691 Ac
1163 2630 1251 2709 primi

124 2736 253 2813 quidem
274 2737 394 2813 generis
417 2736 555 2813 exempla
577 2740 648 2796 sunt
669 2736 759 2796 haec:

172 2852 203 2926 a)
234 2857 332 2916 Prom.
348 2860 417 2918 366.
440 2842 563 2936 ἥμενος
584 2848 825 2934 μυδροκτυπεῖ,
850 2852 1038 2930 participium
1053 2853 1083 2911 in
1100 2855 1252 2931 praesenti

233 2963 382 3037 tempore,
414 2960 495 3036 qnod
528 2959 621 3018 verbo
650 2951 882 3035 μυδροκτυπεῖ
908 2954 1074 3027 indicatur,
1104 2958 1252 3028 statuitur,

234 3061 327 3121 veluti
341 3061 366 3120 ei
382 3059 499 3122 diceres
516 3057 602 3138 λέγει
616 3055 731 3137 γελῶν.
754 3057 790 3119 cf.
807 3059 904 3117 Prom.
921 3060 1012 3119 1001.
1056 3057 1187 3136 (ihocph.
1205 3062 1253 3121 12.

237 3165 357 3242 15.18.
381 3169 438 3224 etc.

177 3280 208 3355 b)
236 3284 318 3344 Pers.
330 3288 380 3345 20.
395 3273 474 3359 ἔβαν
484 3313 527 3324 -
538 3277 750 3362 παρέχοντες,
766 3281 956 3360 participium
968 3281 997 3340 in
1009 3281 1169 3359 praeterito
1181 3284 1253 3342 tem·

236 3404 310 3463 pore
333 3387 481 3458 statuitur,
504 3386 575 3464 quia
597 3385 727 3445 refertur
750 3383 788 3444 ad
811 3385 1007 3460 praeteritum
1027 3380 1193 3456 (aoriatum)
1216 3382 1253 3443 cf.

236 3489 316 3566 Sept.
336 3491 408 3550 802.
436 3489 506 3549 ibid.
532 3492 623 3549 1015.
646 3474 690 3557 ὡς
721 3469 791 3545 ὅντ’
822 3470 1035 3564 ἀναστατῆρα
1064 3483 1118 3559 (--
1145 3469 1182 3556 ὃς
1210 3471 1255 3564 ἦν

240 3577 441 3670 ἅναστατήρ,
463 3591 556 3652 veluti
572 3577 609 3661 ὃς
624 3581 755 3669 ἐγένετο
773 3572 986 3668 ἄναστατήρ),
1001 3580 1030 3646 εἰ
1043 3577 1088 3668 μή
1101 3604 1152 3658 τις
1167 3577 1253 3667 ἔστη.

176 3707 205 3782 c)
235 3711 333 3771 Prom.
348 3715 419 3772 444.
443 3703 529 3786 λέξω
551 3740 592 3750 -
615 3699 701 3786 ἔχων
722 3739 766 3750 -
788 3697 1019 3788 ἐξηγούμενος,
1042 3706 1201 3786 participia
1222 3709 1254 3767 in

236 3812 339 3874 futuro
360 3818 494 3891 tempere
517 3816 699 3891 statuuntur,
720 3812 792 3888 qnia
814 3811 916 3871 addita
938 3814 1010 3871 sunt
1030 3810 1139 3872 futuro.

220 3917 352 3976 Alterius
374 3935 447 3977 vero
469 3916 589 3993 generis
611 3914 748 3990 exempla
770 3918 840 3974 sunt
863 3913 951 3973 haec:

176 4018 208 4093 a)
238 4020 328 4098 Soph.
357 4021 403 4098 Aj.
427 4022 497 4082 338.
530 4001 746 4098 decipiemur
774 4003 795 4097 ἢ
822 4023 936 4076 νοσεῖν
965 4003 986 4095 ἢ
1017 4022 1103 4087 τοῖς
1132 4002 1255 4074 πάλαι

132 4187 337 4199 -ι-

221 4289 256 4354 ³²)
277 4285 366 4342 Keck.
391 4285 434 4339 ad.
458 4283 483 4337 h.
507 4284 612 4338 locum:
637 4279 705 4353 πρὶν
729 4275 770 4336 ὢν
792 4280 839 4336 fur
862 4281 923 4345 ,ein
948 4287 1126 4350 gewesener“
1151 4280 1189 4335 ist
1206 4295 1256 4333 un-

130 4370 299 4442 griechisch.

900 4487 940 4531 ,ρ
1019 4469 1086 4524 24,
