2938 4846
214 410 255 471 24

215 585 361 645 actionem
397 587 517 662 saepius
555 587 690 645 iteratam
724 590 754 644 et
792 587 962 645 etiamnunc
992 586 1149 646 durantem
1181 584 1337 661 significat.

216 688 348 747 Eandem
373 688 410 747 ab
434 706 554 748 causam
578 707 612 748 ea
634 707 774 748 removeo
797 689 981 765 praesentia,
1013 706 1089 764 quae
1118 689 1146 747 in
1175 687 1338 747 Partheno·

216 791 283 866 paei
313 788 441 850 Arcadis
470 790 573 850 babitu
602 789 802 851 describendo
833 790 925 868 (Sept.
946 787 1144 862 tao—'stat
1168 792 1339 850 occurrunt.

216 893 292 952 Nam
323 896 382 952 stat
410 893 457 951 vir
487 891 665 953 fortissimus
692 895 761 951 aute
789 896 893 970 portas
924 891 1028 952 eadem
1052 892 1223 952 etiamnunc
1246 892 1283 951 de
1305 910 1338 952 se

216 994 407 1072 praedicans,
436 1013 513 1072 quae
541 995 663 1054 nuntius
690 995 763 1070 ipsis
793 994 854 1054 suis
886 994 1009 1054 auribus
1039 995 1142 1072 paullo
1171 998 1241 1054 ante
1272 1012 1337 1071 per-

217 1093 352 1175 cepit39).
395 1096 478 1156 Idem
503 1095 695 1157 statuendum
723 1101 768 1156 est
795 1096 832 1156 de
854 1099 1006 1174 praesenti
1029 1090 1152 1174 πέμπει
1174 1097 1230 1174 Ag.
1247 1101 1284 1158 61
1310 1100 1340 1156 ο1

219 1203 288 1260 111.
315 1229 356 1238 -
384 1199 485 1258 missio
519 1200 594 1258 enim
633 1199 803 1259 etiamnunc
842 1198 1008 1275 perdurare
1046 1199 1173 1259 videtur.
1224 1201 1338 1275 ltaque,

217 1304 250 1361 ut
272 1302 377 1378 paucis
399 1320 460 1360 rem
485 1302 682 1372 absolvamus,
706 1301 805 1362 omnia
828 1320 863 1361 ea
886 1300 1057 1378 praesentia
1079 1301 1230 1361 historicis
1253 1320 1338 1378 prae·

218 1405 351 1464 sentibus
381 1403 579 1464 adscribenda
609 1405 796 1480 negauerim,
831 1405 941 1483 quibus
972 1405 1121 1463 actionum
1155 1404 1338 1480 singularum

217 1524 361 1584 praesens
384 1510 474 1583 atque
496 1506 663 1585 perdurans
686 1510 782 1566 status
805 1506 1001 1583 significator.

304 1609 454 1670 Historiae
475 1610 565 1685 igitur
587 1609 758 1684 praesentia
780 1612 901 1668 exstant
923 1609 1014 1668 haec:

218 1712 316 1772 Prom.
343 1715 413 1773 109.
450 1694 790 1792 ναρθηκοπλήρωτον
827 1705 862 1769 δὲ
899 1707 1082 1790 θηρῶμαι
1118 1699 1228 1790 πηγὴν
1263 1707 1340 1768 κλο-

260 1808 374 1872 ιιαέαν.
398 1844 439 1853 -
462 1813 631 1872 Promethei
656 1816 727 1872 sunt
748 1814 849 1874 verba.
895 1813 1178 1874 vehementissimos
1197 1816 1260 1873 toto
1278 1831 1340 1872 cor·

261 1935 333 1994 pore
358 1917 518 1993 animoque
541 1916 686 1993 persentit
701 1916 831 1987 dolores3
854 1916 884 1975 iu
907 1920 990 1975 tanta
1010 1916 1098 1975 animi
1116 1916 1340 1991 perturbatione

144 2057 150 2066 ·
262 2024 343 2079 retro
373 2022 513 2096 spectans
541 2019 709 2095 praesentis
737 2018 805 2077 mali
836 2017 947 2077 fontem
970 2019 999 2077 in
1024 2017 1194 2078 memoriam
1218 2017 1272 2076 sibi
1296 2035 1340 2077 re-

263 2126 350 2180 vocat
383 2124 468 2181 tanta
505 2140 571 2180 cum
610 2120 777 2191 alacritate,
819 2124 851 2179 ut
882 2122 946 2197 ipse
976 2119 1147 2180 etiamnunc
1168 2116 1342 2198 θηρᾶσθαι

262 2207 376 2304 ιιηγην
398 2218 570 2282 κλοπαίαν
592 2223 644 2282 sibi
670 2221 816 2282 videatur.

220 2329 319 2387 Prom.
335 2330 404 2388 229.
475 2312 569 2396 ὅπως
590 2313 729 2403 τάχιστα
750 2314 812 2383 τὸν
834 2321 996 2403 πατρῷον
1018 2318 1051 2395 ἐς
1074 2313 1205 2403 θρόνον

475 2411 639 2505 καθέζετ’,
662 2412 767 2498 εόθός
789 2421 943 2505 δαίμοσιν
965 2421 1074 2504 νέμει
1095 2421 1175 2505 γέρα

475 2515 630 2588 όλλοισιν
654 2517 750 2602 ἄλλα,
772 2523 829 2587 καὶ
851 2522 1094 2606 διεστοιχίζετο.

263 2633 460 2693 Prometheus
483 2632 574 2691 choro
598 2631 808 2708 obtemperans
831 2631 879 2696 (cf.
895 2651 923 2688 v.
941 2630 1014 2703 193)
1030 2632 1169 2709 explicat,
1192 2631 1342 2708 quomodo

265 2736 378 2811 Iupiter
409 2755 469 2795 nou
505 2735 570 2794 sine
605 2752 659 2793 suo
690 2733 832 2811 prudenti
866 2733 988 2794 consilio
1020 2753 1121 2794 rerum
1153 2734 1192 2793 sit
1222 2735 1342 2810 potitus.

264 2838 325 2896 lam
356 2838 392 2897 ad
425 2857 507 2898 suam
539 2855 658 2897 causam
681 2855 860 2914 progressus
892 2836 1041 2914 quomodo
1072 2836 1122 2895 ille
1153 2855 1184 2897 se
1215 2836 1343 2914 gesserit

264 2940 365 3001 refert.
409 2941 522 3000 Iniusta
536 2939 616 3000 Iovis
631 2941 705 3000 ratio
728 2941 877 3016 praesenti
900 2933 991 3016 νέμει
1012 2940 1122 3016 optime
1142 2941 1344 3016 exaggeratur

265 3047 295 3102 et
315 3043 492 3102 illustratur.

350 3145 488 3206 Ceterum
518 3144 710 3204 admitaberis
742 3145 887 3204 sermonis
918 3144 1118 3205 incredibilem
1143 3144 1344 3220 mobilitatem,

265 3249 336 3325 quia
358 3247 508 3323 praesenti
530 3237 621 3323 νέμει
643 3248 743 3306 statim
765 3246 897 3306 adhibita
919 3247 1091 3323 copulativa
1116 3247 1266 3325 particula
1287 3240 1344 3304 καὶ

265 3350 437 3425 adiungitur
460 3348 666 3425 imperfectum
690 3343 936 3426 διεστοιχίζετο,
967 3353 1000 3409 ut
1022 3351 1093 3409 alibi
1115 3346 1343 3425 saepissimam).

223 3451 305 3529 Sept.
321 3455 391 3514 671.
406 3469 489 3528 seqq.
509 3452 539 3510 in
555 3451 730 3528 Amphiarai
748 3451 962 3528 descriptione:
979 3433 1180 3529 Ὁμολωΐσιν
1202 3442 1237 3509 δὲ
1259 3440 1344 3529 πρὸς

264 3544 385 3625 κόλαις
407 3547 603 3631 τεταγμένος
626 3560 759 3614 κακοῖσι
781 3542 890 3629 βάζει
911 3539 1025 3612 πολλὰ
1051 3547 1180 3624 Τυδέως
1201 3548 1279 3627 βίαν
1303 3581 1344 3592 -

265 3661 392 3718 ο1579;
479 3649 529 3728 δίς
550 3640 618 3714 τ’έν
640 3652 777 3732 τελευτῇ
797 3642 935 3733 τοῦνομ’
957 3646 1199 3734 ἐνδατούμενος

477 3756 603 3831 καλεῖ,
627 3751 734 3837 λέγει
756 3753 792 3817 δὲ
814 3745 906 3817 τοῦτ’
930 3748 1010 3830 ἔτος
1033 3744 1087 3818 διὰ
1109 3747 1224 3835 στόμα.

265 3864 341 3922 Nam
374 3880 450 3946 quae
482 3865 665 3938 sequuntur:
696 3845 830 3920 τοιαῦθ’
863 3847 882 3919 ό
912 3849 1030 3937 μάντις
1060 3895 1099 3903 -
1126 3847 1221 3939 ηὔδα.
1259 3857 1344 3942 σῆμα

265 3951 294 4024 δ
296 3949 359 4024 οὐκ
391 3956 477 4042 ἐπῆν
504 3953 618 4042 κύκλῳ
650 3994 691 4004 -
722 3962 888 4041 praesentis
919 3962 1052 4022 historici
1083 3963 1227 4040 exemplis
1251 3961 1344 4022 adnu-

308 4129 342 4193 ³⁰)
359 4126 458 4194 ltaque
484 4130 560 4180 recte
578 4142 604 4180 v.
623 4129 672 4179 542
689 4122 810 4194 ,Waket
834 4125 977 4194 vulgatam
1002 4125 1191 4193 scriptionem:
1219 4115 1345 4195 γόμφοις

224 4207 322 4279 ἐνώμα
339 4211 468 4278 mutavit,
485 4211 525 4264 ita
542 4216 573 4264 ut
590 4226 722 4278 praesens
740 4210 913 4266 restitueret:
933 4205 1073 4280 γόμφοισι
1091 4213 1181 4284 νωμᾷ.

308 4299 341 4356 ⁴⁰)
358 4296 462 4350 Eadem
487 4311 547 4349 cum
570 4293 705 4350 facilitate
728 4310 861 4366 praesens
886 4300 915 4350 et
936 4295 1055 4350 coriatus
1077 4294 1198 4349 invicem
1220 4309 1251 4349 se
1269 4292 1343 4348 cxci-

221 4382 310 4451 piunt.
339 4380 742 4449 cf.Pe1·s.roascq.4cs-ro.
756 4385 813 4435 497.
832 4379 909 4450 Sept.
923 4386 970 4435 197
982 4395 1059 4450 seqq.
1077 4382 1157 4434 Eum.
1167 4383 1281 4448 634seq.
1292 4384 1344 4434 etc.
